3000 5176
735 301 774 368 16

186 483 285 570 χορδς
306 485 497 574 συνέστηκεν
521 484 558 569 ἒξ
578 487 764 572 ἐπιχωρίων
786 489 973 572 παρθένων.
1003 489 1190 575 προλογίζει
1207 488 1243 556 δέ
1266 484 1284 555 ὁ

185 592 393 680 παιδαγωγὸς
411 587 583 684 Ὀρέστουη

286 702 402 769 desunt
422 704 633 773 ABDEFG.

287 813 535 879 Trachirriarum
556 827 786 898 argumentum
810 840 943 904 prorsus
967 817 1144 898 intercidit,
1173 818 1283 882 Aiacis

186 942 252 983 non
284 930 373 986 extat
401 922 435 986 iu
457 923 570 988 codice
591 924 823 992 Laurentiano,
855 925 941 1011 quod
980 927 1013 991 in
1043 925 1283 991 recentioribus

186 1027 277 1094 libris
297 1030 421 1115 legitur
434 1032 542 1096 omisit
555 1032 841 1118 Schneidewinus,
865 1034 986 1120 quippe
1010 1032 1097 1118 quod
1116 1035 1156 1098 ab
1181 1034 1282 1098 inter-

185 1137 386 1224 polatoribus
412 1139 579 1206 dilatatum
602 1165 705 1229 pauca
728 1152 853 1208 tantum
868 1143 1033 1227 genuinae
1046 1143 1170 1208 formae
1185 1144 1282 1207 vesti-

185 1245 241 1330 gia
259 1247 442 1313 exhiberet.
465 1273 547 1336 quae
561 1250 602 1314 ad
620 1262 766 1318 nostrum
782 1254 950 1340 pertinent
970 1255 1176 1342 propositum
1198 1253 1283 1316 infra

185 1353 330 1420 afferam.

313 1463 448 1553 [XVIII
469 1480 699 1555 argumentum
717 1471 881 1536 Troadum
906 1471 1104 1560 Euripideae
1116 1476 1152 1535 ³⁰.

285 1580 315 1641 A
359 1576 442 1662 μετὰ
467 1574 525 1664 την
555 1570 648 1644 Ἰλίου
670 1573 840 1664 πόρθησιν
869 1575 982 1661 ἔδοξεν
1001 1578 1138 1667 Ἀθηνᾷ
1169 1603 1204 1643 τε
1228 1577 1282 1641 καὶ

184 1688 370 1755 Ποσειδῶνι
391 1686 429 1753 τδ
451 1691 516 1751 τῶν
537 1679 686 1768 Ἀχαιῶν
707 1683 892 1773 στράτευμα
913 1689 1119 1776 διαφθεῖραι,
1139 1690 1201 1752 τοῦ
1224 1685 1283 1769 μὲν

184 1786 379 1871 εὐνοοῦντος
401 1796 441 1882 τῇ
462 1787 559 1859 πόλει
581 1793 634 1859 διά
653 1789 711 1880 τὴν
731 1794 845 1878 κτίσιν,
865 1799 926 1882 τῆς
947 1795 982 1860 δέ
1003 1791 1183 1881 μισησάσης
1205 1791 1282 1872 τους

176 1899 330 1990 Ἕλληνας
352 1900 407 1969 διά
429 1899 489 1989 την
510 1898 661 1982 Αἴαντος
683 1900 730 1982 εἰς
754 1900 948 1990 Κασάνδραν
968 1901 1069 1989 ὕβριν.
1105 1899 1135 1969 oi
1158 1904 1193 1968 δὲ
1208 1900 1284 1969 Ἑλ-

183 2013 276 2098 ληνες
296 2008 543 2098 κληρωσάμενοι
565 2013 729 2097 περὶτῶν
749 2009 963 2097 αἰχμαλώτων
984 2017 1141 2099 γυναικῶν
1171 2011 1228 2092 τάς
1249 2012 1282 2077 έν

184 2113 364 2206 άξιώμασιν
386 2119 512 2188 ἔδωκαν
533 2113 764 2208 Ἀγαμέμνωνι
786 2122 846 2207 μέν
868 2118 1069 2208 Κασάνδραν,
1092 2115 1281 2207 Ἀνδρομά-

184 2256 242 2318 χην
260 2230 541 2317 δέΝεονττολέμηι,
563 2230 749 2317 Πολυξένην
773 2231 808 2297 δέ
829 2235 876 2317 τῷ
897 2224 1056 2313 Ἀχιλλεῖ.
1080 2227 1202 2316 ταύτην
1222 2231 1282 2313 μέν

186 2327 243 2405 οὖν
262 2339 317 2405 ἐντὶ
333 2343 390 2427 τῆς
405 2343 468 2404 τοῦ
489 2332 671 2422 Ἀχιλλέως
688 2344 796 2429 ταφῆς
819 2337 973 2428 ἔσφαξαν,
996 2331 1224 2406 Ἀστυάνακτα
1246 2339 1282 2404 δέ

185 2441 256 2515 eiad
278 2453 345 2513 τῶν
367 2453 483 2530 τειχιεῖν
505 2445 654 2535 ἔρριψαν.
675 2445 801 2535 Ἑλένην
827 2449 863 2515 δέ
893 2445 937 2528 ὡς
958 2441 1148 2514 ἀποκτενῶν
1174 2448 1282 2514 Μενέ-

185 2559 263 2636 λαος
285 2548 412 2644 ἤγαγεν,
433 2550 652 2642 Ἀγαμέμνων
672 2556 708 2623 δὲ
720 2555 780 2643 την
792 2554 985 2644 χρησμῳδδν
1001 2553 1281 2647 ἐνυμφαγώγησεν.

183 2662 299 2753 Ἑκάβη
321 2666 357 2733 δὲ
377 2670 435 2753 τῆς
454 2665 514 2751 μέν
532 2661 658 2752 Ἑλένης
678 2661 936 2753 κατηγορήσασα,
953 2664 1034 2746 τούς
1050 2661 1282 2752 άναιρεδέντας

188 2807 238 2814 ,-.-
246 2807 384 2812 --.---.-

286 2871 321 2922 30
340 2868 422 2922 Teste
446 2868 551 2923 Cobeto
574 2868 716 2923 Troadum
745 2871 849 2924 scholia
873 2870 978 2924 codicis
1005 2868 1182 2939 Neapolitani
1207 2869 1279 2922 hunc

185 2969 288 3035 gerunt
304 2966 332 3018 iu
351 2965 444 3018 fronte
464 2964 579 3018 titulum
600 2962 823 3039 Ἀριστοφάνους
841 2967 1035 3038 γραμματικοῦ
1062 2961 1161 3037 σχόλια
1189 2969 1227 3024 εἰς
1250 2963 1280 3018 τὸ

184 3063 278 3134 δρᾶμα
294 3063 349 3115 τῶν
367 3063 414 3114 τοῦ
434 3057 585 3131 Εὐριπίδου
603 3057 750 3132 Τρῳάδων.
780 3062 921 3117 Nauckius
938 3063 955 3117 l.
972 3063 989 3118 l.
1011 3080 1037 3131 p.
1052 3065 1085 3117 63
1105 3068 1133 3116 et
1153 3061 1279 3116 Osannus

184 3158 281 3212 anecd.
292 3158 370 3212 Rom.
381 3175 408 3226 p.
421 3159 455 3212 98
473 3159 656 3216 arbitrantur,
679 3159 791 3212 subesse
810 3160 838 3211 in
858 3159 999 3213 Troadum
1018 3159 1129 3214 scholiis
1149 3159 1279 3228 reliquias

184 3255 447 3309 commentariorum
465 3254 670 3324 Aristophanis,
700 3255 800 3324 quihus
824 3254 879 3308 alia
899 3256 955 3310 sint
973 3255 1085 3310 aliunde
1108 3256 1278 3310 intermixta.

184 3351 252 3405 mihi
270 3356 302 3405 ut
319 3351 527 3406 Schneidewiuo
544 3351 594 3405 illa
614 3352 721 3405 notatio
739 3352 769 3404 in
787 3352 878 3405 fronte
897 3351 1008 3406 fabulae
1032 3353 1116 3407 etiam
1140 3352 1175 3406 ad
1193 3353 1280 3421 hypo-

183 3449 276 3502 thesin
294 3449 464 3518 pertinuisse
486 3449 597 3502 videtur
616 3454 644 3502 et
662 3449 711 3502 ille
731 3450 829 3502 titulus
849 3449 954 3503 divisus
972 3449 1058 3502 fuisse
1079 3448 1131 3502 hac
1151 3449 1277 3502 ratione:

175 3538 386 3616 Ἀριστοφάνους
403 3545 605 3616 γραμματικοῦ,
624 3546 669 3599 cui
681 3545 859 3615 inscriptioni
872 3546 926 3599 iam
937 3544 1115 3599 subiunctum
1127 3548 1188 3597 erat
1197 3562 1279 3613 argu-

184 3643 309 3694 mentum
326 3639 446 3706 fabulae‚
466 3644 494 3693 et
513 3634 611 3711 σχόλια
632 3643 671 3699 εἰς
687 3638 718 3694 τὸ
738 3641 832 3712 δρᾶμα
849 3642 904 3694 τῶν
918 3641 964 3716 τοῦ
974 3636 1125 3709 Εὐριπίδου
1140 3634 1279 3709 Τρῳάδων

183 3737 213 3789 in
229 3736 321 3791 fronte
340 3736 511 3790 scholiorum
526 3736 628 3805 posita,
648 3736 726 3790 utin
745 3737 806 3790 aliis
824 3737 904 3792 libris
924 3732 1041 3807 legimus
1061 3730 1158 3807 σχόλια
1176 3739 1212 3794 εἰς
1231 3732 1277 3792 τὰς

186 3828 325 3903 Τρῳάδας.
347 3833 707 3887 ceterumSchneidewinus
727 3837 931 3904 argumentum,
951 3832 1025 3902 quod
1037 3831 1164 3902 apposui,
1185 3848 1279 3899 quam·

184 3945 266 3997 quam
284 3928 360 3981 ultra
376 3929 580 3982 enarrationem
601 3927 710 3982 fabulae
728 3946 784 3983 non
802 3927 1179 3996 excedens-Aristophanem
1197 3930 1279 3994 putat

184 4043 251 4079 esse.
271 4042 323 4095 ego
342 4026 452 4078 ineam
469 4025 557 4094 magis
568 4025 760 4079 inclinaverim
781 4026 957 4087 sententiam,
977 4022 1173 4091 Aristophanis
1192 4021 1277 4089 hypo-

183 4121 275 4177 thesin
293 4127 321 4174 in
339 4121 419 4175 libris
438 4139 554 4191 prorsus
572 4121 749 4175 intercidisse
768 4126 797 4174 et
816 4121 907 4174 solum
931 4121 990 4174 eius
1015 4118 1130 4171 titulum
1148 4118 1279 4172 relictum

183 4235 243 4271 csse
256 4214 467 4290 Ἀριστοφάνους
484 4218 687 4290 γραμματικοῦ,
707 4219 754 4286 qul
769 4217 900 4271 facillime
917 4217 945 4269 in
960 4233 1044 4269 unum
1063 4215 1218 4268 coalescere
1228 4232 1277 4283 po·

183 4314 239 4369 tuit
248 4332 310 4367 cum
322 4314 405 4367 titulo
418 4313 593 4369 scholiorum.
612 4331 696 4382 quare
706 4318 798 4366 totum
808 4313 860 4366 hoc
873 4316 1068 4382 argumentum
1079 4312 1157 4365 uncis
1169 4311 1276 4364 inclusi.
