3000 5176
746 327 807 391 140

222 518 344 599 θνήκεν
368 509 386 601 ἰ]
407 516 523 601 σαφῶς
546 505 653 578 εἶπεν·
686 509 780 601 καλή
803 510 919 601 Ἑκάβη
949 505 1022 581 οίίτε
1056 513 1220 598 έστέναζεν
1243 505 1319 580 οίίτε

220 615 400 709 οἰπηλλάγή.
442 618 507 688 εἴτε
530 617 588 708 γάρ
612 614 701 688 οἰδεν
725 618 792 688 ἔδει
816 621 1026 691 οἰκτίσασθαι
1044 623 1122 709 περὶ
1143 619 1318 710 θυγατρός,

221 725 287 796 εἴτε
310 726 354 818 μή
377 722 479 813 οἶδεν,Ι
501 730 660 816 ἐρωτῆσαι
684 729 737 794 καὶ
759 735 892 811 μαθεῖν.

306 851 413 915 Prom.
433 850 473 914 47
506 842 637 938 ιήνίξατο
666 844 716 914 ότι
745 845 803 935 τήν
826 847 932 916 αἰτίαν
955 846 1034 930 Διός
1062 848 1108 929 εἰς
1129 847 1187 938 τήν
1208 848 1320 936 τέχνην

191 972 207 1024 5
220 954 408 1048 μετήγαγεν.

304 1076 375 1145 OT.
397 1078 459 1142 449
481 1071 527 1155 ῶς
550 1076 628 1161 περὶ
649 1072 761 1156 ἑτέρου
785 1073 897 1160 λέγισν,
919 1068 1022 1141 ατίτόν
1044 1074 1229 1142 αἰνίττεται.

302 1194 357 1260 Αἰ.
379 1194 461 1260 1150
483 1193 537 1259 καὶ
560 1180 656 1273 οὗτος
678 1191 850 1260 αἰνίττεται
875 1188 919 1272 ῶς
946 1192 997 1283 ἐφ’
1015 1189 1126 1277 ἑτέρον
1147 1189 1205 1258 τόν
1223 1186 1321 1278 λόγον

223 1297 434 1384 ποιούμενος.

304 1421 390 1487 Phil.
415 1422 492 1488 1441
517 1420 689 1488 αἰνίττεται
718 1426 816 1489 τοῦτο
838 1419 884 1500 εἰς
907 1415 1160 1504 Νεοπτόλεμον·
1194 1417 1230 1487 έν
1261 1417 1320 1506 γάρ

176 1547 208 1598 10
221 1534 259 1620 τῇ
279 1534 338 1596 τοῦ
359 1522 452 1596 Ἰλίου
476 1527 595 1599 ἁλώσει
625 1531 794 1598 ἀπέκτεινε
824 1529 882 1598 τόν
906 1531 1058 1616 Πριάμον
1086 1525 1322 1618 προσφυγόντα

221 1643 268 1726 τῶ
289 1643 392 1727 βωμῷ
415 1645 472 1705 τοῦ
495 1636 622 1725 Ἕρκίου
645 1637 734 1720 Διός.

305 1757 360 1823 Αἰ.
384 1758 446 1822 690
467 1756 711 1843 αἰνιγματωδῶς
733 1754 751 1823 ό
773 1761 869 1845 λόγος
893 1754 1100 1846 ἐξενήνεκται.

307 1874 441 1963 Hippol.
464 1876 524 1940 337
550 1864 579 1941 ῶ
599 1877 733 1963 τλῆμον,
753 1869 836 1960 οἷον,
856 1881 957 1964 μήτερ
982 1869 1134 1964 ἠράσθης
1156 1870 1248 1959 έρονε
1273 1870 1321 1939 αἰ·

223 1985 432 2070 νιγματωδῶς
453 1985 547 2051 θέλει
571 1981 694 2074 φράσαι
716 1983 774 2053 τόν
797 1985 912 2072 ἔρωτα.
959 1981 1176 2053 πιθανώτατα
1197 1983 1233 2050 δέ
1254 1979 1321 2066 άμοι

178 2109 209 2160 15
223 2098 270 2181 τῷ
291 2093 428 2181 αἰνιγμῷ
450 2095 503 2161 καί
524 2093 582 2182 τήν
601 2091 789 2183 συγγνώμην
810 2090 962 2185 ήτήσατο,
985 2094 1030 2174 ῶς
1051 2090 1248 2180 προγονικόν
1269 2117 1324 2159 κε-

223 2203 361 2291 κτημένη
381 2203 420 2270 τό
442 2200 558 2283 πάθος
578 2206 632 2271 καί
653 2198 710 2272 οόκ
732 2204 816 2285 ίδιάς
836 2202 969 2292 φάσεως
990 2200 1175 2291 ἁμάρτημα.

306 2323 394 2390 Med.
415 2323 495 2388 1025
518 2360 556 2370 -
577 2322 661 2408 λέγει
683 2322 719 2389 δέ
740 2315 874 2410 σλσήμως
898 2319 956 2389 τόν
972 2319 1098 2409 Ἅιδην,
1134 2323 1188 2388 καί
1214 2317 1322 2385 πάντα

223 2431 259 2498 δέ
279 2428 320 2496 τά
342 2429 414 2519 έξῑγς
434 2429 679 2517 αἰνιγματωδῶς
697 2426 806 2515 ὁμιλεῖ
816 2431 875 2519 <λ>
888 2427 971 2516 ’ὑπὲρ
994 2434 1053 2497 τοῦ
1071 2427 1115 2517 μή
1139 2428 1323 2497 αἰσθέσθαι

223 2537 281 2606 τόν
300 2536 516 2626 παιδαγωγόν.

177 2671 226 2720 20
309 2658 379 2726 OT.
406 2659 464 2723 137
488 2655 571 2744 όπέρ
593 2656 651 2745 γάρ
674 2651 745 2741 οόχί
765 2662 831 2723 τῶν
859 2650 1020 2742 άπιστέρω
1043 2656 1166 2744 φίλωντ
1199 2649 1241 2721 ου’
1264 2650 1323 2739 μό-

226 2794 282 2834 νον
303 2767 385 2849 όπέρ
408 2773 467 2835 τοῦ
492 2761 692 2857 άνῃρημένου
717 2768 877 2852 βασιλέως
903 2758 994 2850 άξιον
1023 2762 1229 2852 ποιήσασθαι
1265 2761 1324 2853 τήν

226 2870 427 2964 άναζήτήσιν,
451 2871 533 2944 άλλά
556 2879 609 2944 καὶ
632 2874 718 2962 ὑπέρ
741 2871 840 2944 αἰτοῦ
864 2877 954 2959 έμοῦ.
999 2871 1096 2961 όγάρ
1118 2875 1229 2962 ἐκείνῳ
1252 2875 1323 2941 έπι-

222 2983 374 3073 χειρήσας
401 2982 482 3067 ἴσως
513 2981 612 3072 κάμοί
641 2983 880 3071 ἐπιβουλεύσει.
924 2985 1164 3071 πεπλαγίασται
1184 2979 1322 3049 πάλινό

224 3091 327 3182 λόγος,
363 3096 417 3162 καί
445 3095 502 3185 τήν
524 3089 682 3186 άλήθειαν
702 3095 878 3164 αἰνίττεται
900 3099 948 3183 τῷ
969 3091 1112 3181 θεάτρῳ,
1146 3089 1197 3160 ίίτι
1225 3087 1324 3172 αότός

177 3217 211 3267 25
225 3202 349 3291 δράσας
369 3201 428 3270 τόν
449 3202 552 3295 φόνον
574 3202 591 3272 ό
613 3204 772 3285 Οἰδίπους
794 3205 847 3271 καί
873 3199 988 3271 ἑαυτόν
1008 3199 1237 3291 τιμισρήσεται.

306 3315 350 3382 ib.
376 3316 455 3382 1183
484 3305 520 3382 εὖ
547 3316 787 3402 πεπλαγίασται
816 3313 834 3381 ὁ
864 3309 975 3400 λόγος,
1009 3309 1054 3392 ῶς
1080 3309 1141 3399 τήν
1173 3310 1323 3400 πήρωσιν

225 3574 342 3628 verbum
360 3591 393 3628 ex
414 3592 440 3629 v.
458 3577 511 3628 270
539 3580 660 3630 sumtum
679 3580 729 3630 est.
772 3575 978 3630 Heimsoethius
997 3575 1124 3629 lacunam
1146 3573 1186 3628 sic
1204 3573 1314 3641 explet:
1344 3586 1348 3593 ·

225 3674 368 3724 αἰνίττεται
386 3666 425 3724 ὅτι
444 3675 583 3737 τέθνηκεν’
609 3670 704 3740 ἐπειδὴ
724 3673 755 3725 δὲ
774 3668 807 3725 οὐ
826 3673 924 3743 σαφῶς
942 3672 1026 3736 είπεν,
1046 3675 1091 3724 καὶ
1109 3669 1125 3738 ἡ
1142 3664 1240 3738 Ἑκάβη
1260 3663 1319 3723 οὔτε

226 3760 344 3830 στενάζει
362 3760 421 3820 οίπε
440 3767 571 3837 ἐπερωτᾷ.

314 3866 331 3916 2
350 3864 405 3917 ἔδει
427 3864 530 3918 addidi.

298 3965 332 4015 10
349 3962 396 4014 τοῦ
410 3957 489 4014 ’ίλίου
506 3961 588 4015 RBr.
605 3956 684 4013 Ἰλίου
702 3961 732 4015 L.

299 4061 331 4111 13
350 4056 559 4128 αἰνιγματωδῶς
576 4056 594 4110 J
613 4059 809 4127 αἰνιγματικῶς
829 4056 924 4111 ceteri.

300 4157 333 4207 17
351 4154 449 4208 eadem
467 4154 560 4222 paullo
579 4153 642 4207 aliis
665 4154 757 4208 verbis
776 4152 898 4222 repetita
917 4151 953 4207 ad
966 4170 991 4206 v.
1002 4153 1069 4205 1016
1088 4146 1184 4209 άίλους
1202 4142 1320 4209 κατάξιος

225 4247 274 4305 τὸν
291 4245 428 4321 ἐσόμενον
446 4251 500 4303 τῶν
518 4249 627 4303 παίδων
645 4244 736 4321 φόνον
751 4245 834 4303 πάλιν
854 4241 1041 4320 προοδόρεται,
1068 4241 1182 4318 ἀσήμως
1202 4247 1233 4300 δὲ
1253 4243 1321 4317 ὑπὲρ

226 4353 273 4405 τοῦ
290 4349 329 4425 μή
348 4354 468 4405 συνιέναι
488 4347 537 4406 τὸν
555 4345 744 4421 παιδαγωγόν.
