3000 5176
663 329 703 396 67

137 539 201 580 non
225 515 392 600 egreditur
414 515 598 594 scholiasta,
621 513 854 578 reconditioris
876 513 1044 578 doetrinae
1060 514 1185 576 nullum
1199 511 1233 576 in

138 648 176 689 eo
198 627 383 710 vestigium.
418 637 554 712 apparet
577 625 650 689 hine
673 645 736 708 quo
757 624 829 687 iure
853 623 986 688 eumad
1013 624 1179 688 saeculum
1202 646 1232 710 p.

138 733 216 800 Otr.
240 744 390 822 quartum
404 735 594 818 quintumve
618 733 748 797 detrudi
770 731 970 816 iusserimus,
992 755 1065 797 uam
1086 731 1151 796 illis
1175 753 1232 818 po-

137 844 295 908 tissimum
318 844 519 932 temporibus
554 844 716 907 florebant
746 842 913 906 rhetorum
949 841 1233 928 sophistarumque

137 953 263 1016 inutilia
286 953 400 1034 studio,
423 951 478 1038 qui
498 952 641 1016 omnium
662 953 802 1039 primum
819 953 850 1016 id
868 952 1070 1034 affectarent,
1092 961 1127 1014 ut
1142 950 1234 1014 fictas

136 1089 211 1130 suas
233 1087 390 1152 personas
418 1087 513 1150 quam
543 1064 787 1128 accuratissime
819 1064 858 1127 ad
891 1063 990 1127 vitam
1020 1073 1233 1146 naturamque

138 1175 370 1262 exprimerent.
388 1175 484 1238 huius
497 1166 682 1259 ἠθοποιίας
695 1195 849 1256 magnum
864 1173 1028 1237 habebant
1041 1172 1233 1255 magistrum

139 1282 340 1368 Euripidem,
363 1283 412 1346 eui
434 1283 518 1346 hanc
534 1305 611 1346 sano
624 1280 755 1346 laudem
769 1304 866 1347 nemo
882 1303 1003 1367 negare
1017 1291 1136 1368 potest,
1159 1303 1233 1344 eum

135 1393 303 1458 bominum
327 1415 433 1457 mores
455 1392 583 1457 indoles
605 1393 741 1456 affectus
765 1392 797 1455 in
822 1391 940 1455 fabulis
964 1392 1029 1457 suis
1051 1389 1234 1454 admirabili

137 1511 206 1565 arte
231 1512 263 1565 et
286 1502 487 1588 perfectione
518 1501 673 1587 pinxisse.
718 1523 783 1564 non
807 1500 923 1564 mirum
947 1501 1057 1584 igitur,
1084 1500 1110 1563 si
1134 1500 1234 1581 longe

77 1617 81 1630 “
138 1611 238 1675 maior
258 1611 521 1675 observationum
544 1633 709 1692 numerus,
733 1634 811 1696 quas
834 1610 866 1673 in
891 1610 1022 1675 scholiis
1044 1610 1233 1697 Euripideis

137 1720 333 1802 invenimus,
360 1719 400 1784 ad
422 1742 634 1808 personarum
659 1721 791 1802 ingenia
815 1728 940 1806 spectat
970 1730 1002 1784 et
1032 1720 1127 1806 plena
1160 1727 1233 1782 sunt

137 1829 262 1893 scholia
285 1829 402 1912 laudis,
428 1852 523 1914 qnam
546 1851 623 1894 vere
646 1829 686 1893 ad
709 1839 857 1894 naturam
883 1830 1088 1894 conformata
1112 1827 1177 1891 sint
1204 1838 1236 1891 et

137 1960 303 2024 expressa.
336 1938 421 2023 quod
447 1963 519 2004 cum
544 1939 587 2003 ita
612 1961 645 2003 se
670 1939 796 2012 habeat,
820 1960 956 2003 necesse
979 1947 1028 2002 est
1049 1959 1231 2019 caveamus,

138 2047 339 2132 neDidymo
360 2047 572 2125 vindicemus,
599 2070 681 2131 orsae
704 2047 897 2112 recentioris
919 2056 994 2119 sunt
1014 2046 1101 2111 illins
1125 2069 1232 2131 gram-

139 2155 257 2220 matici.
280 2166 355 2220 sunt
375 2165 482 2220 autem
498 2156 583 2221 inter
599 2156 696 2221 dubia
713 2156 836 2220 scholia
854 2178 891 2220 ea
903 2153 1086 2238 referenda,
1106 2155 1234 2242 quibus,

140 2265 226 2350 quod
253 2265 331 2347 dixi,
362 2265 403 2329 de
434 2288 647 2352 personarum
672 2266 816 2330 moribus
842 2275 873 2329 et
899 2264 939 2329 dc
962 2265 1078 2330 timore
1099 2265 1152 2328 vel
1177 2265 1234 2327 mi·

140 2375 319 2440 sericordia
353 2377 588 2462 spectatoribus
620 2375 805 2440 iniieiendis
831 2385 956 2458 agatur.
1002 2376 1052 2439 his
1086 2373 1237 2438 addenda

139 2505 187 2562 ea,
211 2507 293 2570 quae
315 2483 355 2548 ad
378 2479 495 2562 adhoc
518 2494 675 2571 spectant,
699 2507 836 2567 qnorum
851 2483 1018 2570 specimen
1034 2506 1130 2568 supra
1151 2505 1180 2569 p.
1193 2482 1235 2545 45

141 2592 366 2676 eognovimus.
410 2591 592 2656 huiusmodi
623 2593 725 2677 igitur
749 2603 843 2656 notae
865 2601 1049 2680 pessunt
1071 2591 1233 2676 originem

140 2699 261 2764 ducere
287 2702 419 2788 abipso
442 2701 627 2766 recentiore
652 2702 837 2784 scholiasta,
869 2700 1016 2787 quamvis
1039 2700 1078 2764 iis
1102 2721 1233 2785 quoque

137 2808 291 2896 exemplo
325 2811 366 2874 sit
398 2809 632 2897 Aristophanis
669 2811 872 2895 Didymique
911 2809 1107 2874 observandi
1143 2809 1236 2873 ratio.

137 2929 380 3002 cognoscuntur
397 2943 471 2984 eum
486 2919 624 3006 Didymi
648 2918 915 2985 annotationibus
941 2928 1146 3007 comparatae
1166 2919 1235 3006 ple·

137 3049 277 3114 rumque
295 3028 448 3093 facillime
472 3051 515 3093 ex
531 3029 639 3094 ieiuna
654 3029 826 3113 sterilique
843 3028 1052 3108 verbositate,
1070 3050 1144 3092 cum
1161 3047 1234 3111 gra-

137 3136 272 3200 vissima
295 3146 327 3201 et
349 3137 646 3220 significantissime
670 3138 826 3202 vocabula
849 3138 962 3202 eadem
993 3138 1059 3200 sint
1080 3147 1179 3222 atque
1200 3136 1234 3200 in

137 3244 272 3309 scholiis
293 3245 477 3330 Didymeis.
524 3256 559 3311 ut
589 3247 690 3332 priori
722 3248 875 3334 exemplo
905 3269 1005 3310 unum
1034 3246 1086 3310 hic
1109 3246 1235 3326 addam,

136 3352 220 3417 illud
242 3349 335 3417 ἕνεκα
362 3357 421 3418 τοῦ
447 3352 494 3433 εἷς
517 3346 628 3419 οἶκτον
649 3358 776 3441 κινῆσαι
802 3350 841 3419 τὸ
873 3354 1018 3436 θέατρον
1045 3355 1079 3418 in
1109 3353 1233 3419 scholio

137 3461 225 3526 haud
248 3462 347 3526 dubie
371 3461 537 3548 Didymeo
561 3463 683 3546 legitur
706 3464 747 3528 ad
763 3463 833 3530 OT.
852 3463 915 3526 264
936 3457 1022 3544 πρὸς
1044 3459 1082 3527 τὸ
1104 3467 1234 3548 κινῆσαι
1264 3507 1266 3512 -

137 3565 175 3635 ari
198 3567 352 3655 θέατρον,
375 3580 410 3633 ut
438 3570 625 3656 saepissime
655 3569 816 3654 κινητικὸν
841 3573 899 3634 τοῦ
926 3563 1076 3655 θεάτρου
1108 3570 1235 3634 similia.

137 3700 202 3743 nou
240 3678 273 3744 in
313 3680 464 3743 omnibus
500 3679 634 3745 scholiis
670 3679 794 3764 liquide
831 3679 973 3767 perspici
1017 3701 1128 3765 posse,
1170 3680 1233 3743 utri

138 3789 426 3872 grammaticorum
450 3789 624 3853 tribuenda
645 3788 720 3869 sint,
741 3812 808 3853 non
826 3799 875 3854 est
891 3812 948 3853 cur
966 3811 1154 3854 memorem.
1178 3810 1233 3853 ne-

138 3918 201 3982 que
234 3898 344 3980 gravia
378 3899 439 3962 hoe
468 3908 517 3962 est
546 3898 579 3962 in
609 3900 798 3964 universum
832 3899 997 3980 momenti,
1028 3921 1099 3962 cum
1130 3897 1234 3962 exiis

142 4005 274 4070 scholiis
297 4007 378 4070 nihil
389 4008 566 4088 lucremur,
589 4030 652 4093 quo
666 4009 813 4073 notitiam
836 4018 977 4073 nostram
1001 4007 1041 4071 de
1065 4007 1179 4071 studiis
1193 4008 1233 4070 ab

142 4113 366 4202 Aristophane
397 4116 610 4202 Didymoque
649 4117 681 4180 in
718 4118 777 4181 hae
815 4137 851 4181 re
891 4115 1004 4203 positis
1036 4114 1234 4202 amplificare

141 4243 307 4314 queamus.

239 4332 294 4399 Ad
306 4332 489 4417 Didymunr
507 4334 721 4401 redeuntibus
742 4356 841 4399 uuum
865 4343 1015 4420 superest
1036 4330 1234 4398 scholiorum
