3000 5176
684 303 726 370 80

155 483 193 554 τδ
215 487 250 554 δέ
272 482 560 573 περιπέτειάν
581 512 652 554 τινα
673 481 767 570 εἶχεν,
794 488 827 553 ἐκ
849 492 910 574 τῆς
930 482 1107 568 Ὀδυσσέως
1127 482 1255 576 μνήμης

155 595 202 676 είς
222 593 348 682 δάκρυα
369 592 600 682 προπεσόντος
625 601 688 662 τοῦ
720 595 804 680 νέον,
835 596 883 677 εἰς
913 594 1064 683 ὑποψίαν
1096 597 1254 682 ἐμπεσεῖν

155 699 315 793 άληδείας
335 703 392 772 τδν
417 705 596 773 Μενέλαον.
643 701 723 792 αὕτη
752 707 862 771 τοίνυν
884 710 944 772 τοῦ
966 706 1133 773 νεανίσκον
1156 702 1175 794 ἦ
1200 703 1255 773 έκ-

157 817 274 902 πληξις
294 811 406 901 καιρδν
426 815 569 900 παρέσχε
591 818 638 901 τῷ
661 809 825 901 Μενελάῳ
846 819 912 880 τῶν
933 811 1047 902 λόγων.
1080 817 1252 882 verbosius

159 925 322 1011 quoddam
357 926 445 1010 quod
468 924 509 989 ad
532 926 671 989 eundem
693 947 824 990 versum
851 935 976 1013 spectat
997 925 1031 989 in
1054 925 1082 990 Ε
1105 925 1253 990 scholion

161 1035 216 1100 vel
239 1034 357 1100 elarius
383 1034 604 1120 Porphyrium
628 1034 710 1120 sapit
738 1033 861 1112 ἐκεῖνος
887 1032 946 1117 μέν
974 1028 1079 1099 ἐλάλει
1107 1033 1255 1123 κροφίως

156 1139 244 1230 πρδς
266 1140 323 1208 τδν
345 1142 555 1228 Νεστορίδην,
580 1136 625 1228 μή
649 1166 732 1208 ποτε
755 1138 857 1224 κόλαξ
876 1145 971 1232 φανῇ.
1002 1137 1020 1206 δ
1045 1140 1156 1226 μέντοι
1179 1148 1254 1209 Με-

155 1254 268 1331 νέλαος
288 1246 505 1338 προσεκτικδς
527 1245 572 1314 α’ίν
596 1240 715 1337 ἤκουσε
744 1253 811 1314 τῶν
840 1251 1021 1336 λεγομένων
1051 1253 1104 1317 καὶ
1133 1242 1252 1339 ἤρξατο

156 1365 266 1430 λαλεῖν
287 1355 413 1440 αάτοῖς.
458 1365 560 1426 ταῦτα
588 1360 623 1425 δέ
654 1357 883 1444 οἰκονομία
896 1365 922 1403 ‘¹⁹
944 1365 1007 1426 τοῦ
1027 1356 1178 1449 Ὁμήρου,
1199 1362 1253 1427 καί

153 1473 206 1538 ἵνα
236 1467 380 1560 πλατάνη
410 1469 468 1558 τὴν
501 1472 635 1558 ποίησιν
665 1462 773 1537 αὐτοῦ
805 1471 857 1536 καί
888 1471 941 1534 ἵνα
971 1465 1049 1560 είπη
1078 1463 1099 1536 δ
1128 1468 1174 1549 εἷς
1194 1468 1254 1559 τὴν

153 1575 269 1647 Ἰλιάδα
290 1573 352 1648 otiu
383 1573 468 1648 εἶπε.
511 1580 621 1665 μέλλει
644 1580 702 1667 γαρ
725 1584 922 1666 παραγαγεῖν
951 1581 1004 1645 καί
1031 1577 1090 1668 τὴν
1114 1576 1251 1667 Ἑλένην,
1324 1624 1326 1627 -

154 1688 239 1759 ὥστε
261 1691 415 1777 γνωρίσαι
430 1683 556 1768 αδτοδς
578 1691 630 1756 καί
652 1689 759 1757 εἰπεῖν
780 1691 858 1774 περί
879 1693 944 1756 τοῦ
964 1681 1142 1768 Ὀδυσσέως
1162 1689 1252 1755 ἐπαί-

155 1825 238 1880 νους,
262 1800 316 1866 καί
336 1799 506 1882 καταλέξαι
523 1797 594 1897 ἔθη
616 1804 789 1886 γυναικεῖα,
811 1800 864 1865 καί
886 1794 954 1883 δίμα
975 1799 1029 1863 καί
1048 1796 1106 1885 τὴν
1124 1794 1251 1885 Ἑλένην

157 1905 363 1996 ἐγκωμιάσαι.
408 1909 442 1974 έν
469 1904 530 1995 γάρ
562 1913 602 1999 τῇ
632 1902 741 1975 Ἰλιάδι
765 1902 863 1976 ου’δέν
892 1902 967 1974 εἶπε
986 1904 1025 1974 τδ
1048 1904 1145 1990 τυχὸν
1174 1907 1253 1994 περὶ

153 2009 258 2105 αὐτῆς
276 2012 488 2104 έπαινετήρια
507 2017 675 2105 <extrema
695 2028 859 2105 corrupta,
882 2010 975 2082 οὐδὲν
997 2009 1072 2082 εἶπε
1095 2013 1192 2099 τνχδν
1209 2055 1247 2064 -

154 2121 380 2214 ἐπαινετήριον
400 2124 624 2212 Dindorfius>.

258 2233 438 2300 Commode
462 2234 539 2310 huie
561 2235 687 2300 scholio
712 2235 952 2318 subiungerrtur
976 2235 1114 2319 reliqua,
1133 2235 1250 2323 quibus

154 2344 265 2409 Iliadis
287 2353 515 2431 argumentum
540 2343 671 2426 longius
696 2343 849 2430 persequi
867 2343 900 2409 in
924 2342 1076 2430 Odyssea
1096 2355 1249 2411 censetur

156 2454 332 2519 Homerus.
377 2453 479 2520 schol.
496 2451 525 2531 Q
546 2452 643 2518 <5245
663 2451 718 2519 διά
741 2448 849 2518 πολλὰ
874 2455 932 2539 τῆς
961 2448 1113 2538 πράξεως
1132 2451 1250 2540 ταύτης

152 2558 350 2649 μνημονεύει
372 2558 391 2628 δ
414 2558 553 2650 ποιητὴς
575 2556 614 2627 οὗ
634 2557 736 2646 μόνον
759 2556 811 2629 δτι
833 2562 918 2644 πρδς
935 2558 993 2649 τὴν
1014 2562 1148 2650 ποίησιν
1170 2587 1252 2648 σομ-

154 2672 248 2761 φέρει
269 2669 317 2737 τά
344 2668 396 2759 μη
426 2671 639 2757 δεδομένα
669 2676 744 2759 τῆς
775 2665 953 2752 Ἰλιάδος
976 2677 1031 2738 νῦν
1054 2673 1251 2762 ἐμφανίζειν,

154 2777 238 2849 σίλλά
260 2782 314 2847 καὶ
335 2778 421 2869 πρδς
443 2782 501 2869 τήν
522 2783 817 2869 μνηστηροκτονίαν
837 2786 938 2849 ταῦτα
958 2775 1161 2871 ηίκονόμηται
1183 2786 1250 2852 κτλ.

154 2892 298 2975 scholQ
324 2892 415 2957 6187
438 2888 486 2957 τά
513 2891 554 2957 ἐν
575 2882 723 2957 Ἰλιάδι
744 2893 1097 2982 παραλειφθέντα
1119 2893 1172 2960 διδ
1191 2897 1252 2981 τῆς

152 2992 334 3079 Ὀδυσσείας
366 2999 411 3079 ως
442 3004 523 3085 μιάς
555 2993 658 3088 οίίσης
690 3006 748 3090 τῆς
779 3003 1000 3090 πραγματείας
1033 3004 1250 3092 παραδίδωσι.

156 3110 256 3175 sohel.
268 3109 297 3176 Ε
311 3110 402 3195 γ248
423 3112 531 3190 καλῶς
549 3107 829 3199 άναπληρωσι
836 3139 853 3192 ς
873 3117 934 3200 τῆς
955 3105 1087 3191 Ἰλιάδος
1109 3105 1251 3200 ἡὈδνσ-

153 3218 226 3285 σεία
248 3219 382 3305 λέγεται.
405 3211 425 3285 ἃ
447 3216 506 3305 γάρ
528 3220 723 3307 κατέλειψεν
735 3221 812 3306 ἐκεῖ,
835 3220 981 3288 ἐνταῦθα
995 3222 1088 3308 λέγει.
1113 3223 1249 3288 eandem

153 3329 348 3394 seutentiam
370 3329 594 3417 Porphyrium
621 3353 750 3418 quoque
783 3332 936 3397 habuisse
967 3332 1063 3398 docet
1094 3333 1248 3399 scholss

153 3437 272 3518 9804,
294 3438 349 3503 ubi
376 3439 568 3522 Menecrati,
602 3439 656 3527 qui
692 3439 907 3505 contenderat
928 3441 1108 3507 Homerum
1129 3442 1248 3507 virium

153 3568 283 3611 suarum
304 3546 539 3614 imbecillitatis
563 3549 623 3613 sibi
645 3551 813 3614 conscium
837 3550 1092 3639 praetermisisse
1113 3548 1154 3617 τά
1169 3554 1246 3635 μεθ’

144 3649 293 3740 Ἕκτορα,
319 3657 455 3742 opponit
466 3657 573 3735 καλῶς
591 3657 627 3722 δὲ
649 3653 861 3742 ἐταμιεύσατο
885 3656 989 3747 ἑαυτῷ
1011 3657 1052 3725 τά
1072 3660 1174 3726 λοιποὶ
1184 3663 1250 3724 τῶν

153 3757 342 3849 ζητημάτων
363 3761 411 3842 είς
431 3763 492 3850 την
512 3757 714 3832 Ὀδοσσείαν·
748 3768 847 3852 μικροί
877 3765 935 3854 γάρ
971 3758 1009 3856 ἦν
1039 3766 1247 3858 ηὐπόθεσις

151 3872 230 3956 περὶ
253 3876 314 3959 τῆς
337 3870 441 3952 οἰκίας
459 3877 522 3939 τοῦ
543 3867 721 3955 Ὀδυσσέως
742 3872 859 3961 μόνον·
890 3876 924 3944 έν
945 3882 992 3966 τῷ
1015 3879 1105 3967 μέσην
1128 3867 1248 3945 οὖντά

253 4115 287 4166 79
304 4115 394 4169 Ηαίαε
421 4116 518 4187 stirpis
538 4120 674 4185 voeabula
693 4121 851 4190 frequentia
871 4124 901 4176 in
919 4123 1102 4192 problematis
1123 4124 1247 4194 Porphy-

152 4206 246 4264 rianis.
269 4211 449 4282 οἰκονομικῶς
466 4214 554 4268 sahol.
564 4215 613 4269 AD
623 4225 652 4271 A
667 4217 761 4272 laliis.
783 4226 994 4291 προαποκαμεῖν
1003 4220 1089 4276 schol.
1100 4220 1146 4274 BL
1159 4223 1244 4274 13272

152 4303 214 4357 vide
232 4321 322 4375 supra.
345 4305 520 4382 οἰκονομικόν
539 4311 657 4368 scholi]
677 4315 759 4384 γ366
777 4319 829 4369 ete.
