3000 5176
720 322 762 387 47

197 505 283 577 oliam
314 504 503 577 συνεστάναι
528 505 587 574 τὸν
614 511 729 592 μῦθον
758 501 843 574 ὥστε
876 508 932 573 τὸν
959 500 1120 574 ἀκούοντα
1149 505 1190 574 τὰ
1212 504 1294 594 πρά·
1329 572 1336 597 ,

195 643 300 706 γματα
320 614 472 705 γινόμενα
495 618 549 683 καὶ
570 616 718 706 φρίττειν
746 617 800 682 καὶ
828 616 931 682 ἐλεεῖν
957 617 992 682 ἐκ
1013 621 1080 683 τῶν
1100 615 1295 703 συμβαινόν-

195 749 270 792 των·
294 723 380 810 ἅπερ
399 721 438 793 dv
461 723 571 793 πάθοι
592 751 642 804 τις
664 717 793 792 ἀκούων
813 722 873 791 τὸν
894 729 957 791 τοῦ
972 723 1152 805 Οἰδίποδος
1170 731 1294 811 μῦθον.

195 833 233 903 τὸ
257 837 293 902 δὲ
314 833 368 902 διὰ
387 839 444 922 τῆς
465 827 579 920 ὅψεως
599 837 700 900 τοῦτο
722 830 982 919 παρασκευάζειν
1008 828 1220 920 ἅτεχνότερσν
1240 837 1296 902 καὶ

195 945 345 1032 χορηγίας
370 940 527 1029 δεόμενόν
557 944 636 1010 ἐστι.
681 944 768 1009 unde
798 967 855 1008 sua
881 946 1019 1034 sumpsit
1040 946 1197 1012 Horatius
1223 946 1294 1012 ΑΡ.
1337 942 1340 947 ’

198 1056 257 1121 179
268 1077 339 1144 sqq.
364 1056 460 1120 huius
475 1055 645 1144 praecepti
667 1075 829 1119 memores
845 1056 1076 1139 grammaticos
1090 1055 1202 1121 Aiacis
1218 1077 1295 1140 quo·

198 1186 261 1249 que
286 1165 395 1229 locum
417 1163 678 1244 celeberrimum,
699 1162 755 1228 ubi
777 1163 875 1228 heros
899 1173 975 1228 ante
1001 1164 1114 1228 oculos
1134 1173 1295 1250 spectato·
1347 1220 1350 1229 .

198 1297 269 1339 rum
291 1274 455 1357 gladiose
478 1272 636 1362 perfodit,
657 1272 690 1336 in
712 1273 981 1360 disceptationem
995 1295 1137 1357 vocasse,
1157 1295 1223 1338 non
1239 1273 1295 1337 mi·

199 1407 269 1448 rum
284 1393 343 1468 est,
367 1384 488 1471 quippe
512 1383 567 1468 qui
592 1393 655 1446 tam
679 1393 791 1471 aperte
814 1383 952 1447 traditae
977 1385 1112 1469 regulae
1135 1384 1294 1449 officeret.

195 1503 228 1557 at
259 1493 300 1559 de
332 1493 393 1558 hoc
424 1492 548 1558 scholio
579 1492 672 1573 infra,
702 1515 776 1557 cum
803 1493 865 1557 iam
888 1492 1054 1557 sufficiant
1078 1492 1231 1580 exempla
1254 1492 1294 1557 ad

197 1603 392 1684 docendum,
420 1601 613 1666 scholiastae
639 1602 673 1667 in
704 1600 753 1665 his
780 1623 911 1687 quoquo
935 1603 1035 1666 rebus
1058 1624 1125 1666 non
1148 1600 1295 1667 diversas

199 1712 240 1775 ab
262 1711 485 1798 Aristophane
505 1709 629 1790 viasin
652 1709 848 1796 explicanda
871 1720 1041 1796 poetarum
1064 1721 1132 1775 arte
1156 1732 1228 1776 esse
1247 1712 1294 1774 in·

198 1840 340 1903 grossos.

299 1927 354 1994 Sic
369 1925 602 2012 Aristophanis
618 1924 812 2013 disciplinae
836 1926 975 2012 vestigia
997 1928 1160 2013 persecuti
1184 1951 1296 1992 sumus

198 2059 258 2124 per
280 2047 404 2101 vastam
431 2035 631 2101 scholiorum
663 2045 849 2100 nostrorum
880 2035 1089 2122 farraginem,
1123 2060 1190 2103 non
1224 2061 1298 2102 rara

199 2168 258 2235 pro
283 2145 499 2230 reliquiarum
522 2143 840 2232 Aristophanearum
863 2142 1022 2209 exilitate.
1066 2144 1206 2210 vidimus
1228 2145 1298 2211 eius

201 2254 447 2321 observationes
470 2254 613 2338 integras
635 2252 689 2316 vel
710 2273 813 2339 paene
836 2234 983 2336 integras
1007 2254 1041 2316 in
1060 2255 1185 2320 scholia
1206 2276 1296 2319 rece-

201 2374 285 2450 ptas,
312 2363 518 2451 repperimus
549 2384 603 2427 eas
633 2359 848 2446 quaestiones,
878 2384 959 2446 quas
989 2361 1045 2426 ille
1076 2375 1233 2446 moverat,
1263 2364 1296 2428 in

199 2472 331 2538 scholiis
352 2471 491 2559 amplius
518 2479 672 2537 tractatas
698 2469 955 2557 disputatasque,
987 2470 1217 2558 Aristophanis
1239 2494 1295 2537 ex-

201 2581 345 2671 plicandi
365 2581 526 2646 rationem
547 2581 601 2645 vel
623 2580 916 2667 ibicognovimus,
938 2580 993 2645 ubi
1009 2603 1075 2646 non
1096 2581 1192 2646 unius
1214 2581 1296 2646 eius-

201 2690 342 2776 demque
365 2690 497 2756 tabulae
522 2699 643 2772 essent,
666 2689 804 2776 quaein
826 2689 959 2753 scholiis
982 2699 1120 2776 atquae
1143 2691 1178 2756 in
1200 2714 1296 2776 argu·

200 2804 317 2870 mentis
345 2811 603 2891 exponerentur.
645 2811 677 2866 et
704 2803 737 2867 in
765 2803 883 2895 hacre
911 2802 944 2867 id
968 2824 1097 2890 semper
1119 2803 1297 2869 tenendum

200 2925 260 2999 est,
292 2915 355 2980 hoc
377 2934 483 3000 genus
511 2911 786 2996 observationum,
816 2894 852 2976 ut
882 2915 953 2978 fere
982 2912 1110 2977 nullum
1141 2914 1240 2996 aliud,
1263 2914 1297 2980 in

200 3024 333 3089 scholiis
355 3047 464 3088 rarum
489 3045 559 3088 esse
583 3034 615 3088 et
636 3023 837 3110 infrequens.
861 3024 900 3088 ad
924 3026 1048 3088 fontem
1073 3046 1132 3088 nos
1154 3024 1297 3108 relegari

202 3132 277 3196 satis
301 3133 482 3218 antiquum,
505 3133 592 3196 unde
616 3131 783 3196 derivatae
802 3131 865 3196 sint
879 3131 939 3195 bae
953 3132 1209 3214 observationes,
1233 3133 1297 3196 iam

202 3264 243 3306 ex
266 3241 356 3305 varia
381 3263 490 3306 earum
515 3241 547 3305 in
572 3240 671 3305 variis
695 3239 825 3305 scholiis
850 3241 1034 3325 frequentia
1054 3243 1108 3306 vel
1127 3241 1299 3330 paucitate,

202 3373 298 3437 quam
323 3351 414 3415 initio
440 3351 721 3416 commentationis
744 3351 854 3438 paucis
877 3350 1076 3434 adumbravi,
1099 3353 1298 3418 concluden-

202 3460 279 3526 dum
303 3471 382 3525 erat.
415 3483 479 3545 quo
503 3461 689 3545 antiquiora
712 3471 744 3524 et
767 3461 904 3525 meliora·
926 3460 1056 3542 scholia,
1081 3482 1119 3525 eo
1142 3461 1298 3547 frequen·
1365 3515 1387 3553 ,ἢ

203 3570 300 3634 tiores
325 3580 430 3652 notae,
457 3570 572 3656 quibus
594 3593 646 3634 ars
670 3579 786 3656 poetae
810 3570 1003 3656 explicatur.
1027 3591 1111 3655 quae
1133 3570 1225 3655 larga
1243 3594 1299 3635 no·
1358 3564 1393 3583 ’

201 3679 252 3744 bis
276 3679 415 3744 dicenda
435 3688 484 3744 est
505 3681 637 3744 ubertas
661 3701 771 3744 earum
794 3680 827 3743 in
852 3681 1018 3744 veteribus
1040 3679 1073 3743 in
1097 3679 1298 3767 Sophoclem

202 3788 334 3854 scholiis
361 3788 415 3872 (de
439 3788 638 3874 Aeschyleis
668 3789 708 3854 ad
733 3789 832 3854 vilem
855 3789 1046 3854 tenuitatem
1070 3789 1212 3854 redactis
1232 3814 1299 3856 non

203 3897 395 3979 mirandum,
419 3896 444 3962 si
467 3921 580 3985 parum
603 3898 725 3962 fructus
752 3898 846 3963 nobis
863 3899 1033 3983 praebent)
1053 3896 1086 3961 in
1098 3898 1299 3987 Euripideis,

203 4029 284 4092 quae
315 4008 430 4072 obruta
458 4007 591 4092 quidem
621 4005 767 4071 verbosis
795 4005 1034 4072 Graeculorum
1058 4006 1224 4072 hominum
1251 4007 1298 4073 in-

204 4116 299 4203 eptiis
320 4115 549 4182 reconditioris
580 4126 688 4181 tamen
719 4115 887 4181 doetrinae
921 4138 987 4182 non
1019 4117 1168 4181 omnibus
1202 4128 1300 4182 exuta

203 4236 279 4291 sunt
301 4225 413 4312 copiis,
435 4226 519 4291 tristi
542 4224 701 4313 pauperie
724 4226 862 4314 expulsa
888 4237 945 4305 cst,
970 4225 1076 4290 donec
1096 4227 1130 4289 in
1145 4226 1298 4312 Byzanti-

204 4358 320 4400 uorum
344 4336 640 4422 explanationibus,
669 4345 703 4400 ut
732 4346 988 4401 consentaneum
1021 4344 1071 4399 est
1094 4335 1300 4423 magistellis,
