3000 5176
720 325 780 388 125

195 502 280 573 πάνν
301 503 360 594 γάρ
378 508 567 594 περιπαθὲς
588 509 626 573 τό
649 508 704 574 ὲπί
726 504 917 594 τηλικούτου
933 508 988 573 καί
1000 511 1142 574 τοσαῦτα
1156 499 1298 592 διαπρα-Ι

196 615 335 699 ξαμένου
358 614 466 684 εἰπεῖν
485 614 592 697 εὅπως
614 619 692 703 δρῦν
714 610 891 701 όλοτόμοί.

279 726 331 793 Ai.
354 726 415 794 596
448 727 667 813 σνγιίκλειται
702 723 719 794 δ
753 723 846 806 Αἴας
880 722 1134 814 διαχρησόμενος
1167 723 1292 794 ὲαοτόν.

195 832 309 922 ἐπειδὴ
329 836 363 903 ἐν
383 837 619 926 δοστοχεστίριγ
654 824 711 902 οίν
738 835 801 903 εἶσι
832 833 911 925 τύχῃ
946 833 975 902 οί
1007 828 1075 903 ἀπό
1105 839 1165 902 τοῦ
1194 841 1293 922 χοροῦ

195 941 292 1032 λόγον
312 951 487 1034 περιπαθῆ
512 949 657 1030 διεξιάσι.
1306 953 1322 1004 5

279 1056 322 1121 ib.
347 1056 428 1122 1266
459 1053 653 1145 περιπαθὴς
680 1053 697 1122 ό
723 1052 819 1143 λόγος
852 1055 899 1136 εἰς
929 1049 1117 1143 ἀχαριστίαν
1146 1051 1291 1135 ὲννεόιον,

197 1160 249 1231 ὅτι
268 1170 381 1246 ταχεῖα
402 1166 531 1251 διαρρεῖ
554 1163 573 1252 ἡ
595 1162 687 1252 χάρις
707 1171 767 1232 τοιῖ
790 1159 1031 1245 ἀποθανόντος.

280 1275 402 1341 Electr.
426 1275 486 1340 207
509 1271 548 1340 αἳ
565 1271 623 1340 τόν
645 1274 723 1360 ὲμδν
743 1267 834 1342 εἷλον
856 1275 943 1358 βίονι
974 1270 1060 1341 πάνο
1081 1280 1293 1361 περιπαθῶς·

196 1383 316 1462 αἵτινες
332 1388 439 1469 χεῖρες
460 1379 493 1449 αἱ
515 1377 687 1452 ἀνελοῦσαν
707 1381 765 1451 τόν
792 1378 1020 1470 Ἀγαμέμνονα,
1046 1382 1104 1450 τόν
1125 1382 1203 1470 ἐμόν
1222 1385 1296 1469 βίον

197 1483 326 1560 ἀνεῖλον
350 1493 404 1558 καί
424 1493 617 1577 προίδιοκαν
639 1499 710 1572 τοῖς
732 1494 875 1579 ε’χθροῖς.
1311 1502 1344 1553 10

282 1602 325 1667 ib.
346 1603 407 1668 269
436 1605 589 1692 φοροῦντ’
623 1602 735 1691 ὲκείνιμ
766 1595 881 1669 ταότάτ
918 1596 976 1685 οάχ
1007 1599 1105 1687 ὅμοια
1133 1599 1294 1686 βασιλικὰ,

198 1701 279 1776 ἀλλὰ
308 1707 349 1776 τὰ
372 1710 507 1778 ὲκείνοο.
550 1707 635 1778 πάνο
657 1709 716 1799 γὰρ
738 1716 837 1778 τοῦτο
858 1712 1048 1798 περιπαθὲς
1067 1712 1121 1778 καί
1145 1709 1192 1790 εἷς
1212 1706 1297 1777 ὑπό-

197 1843 313 1906 μνησιν
333 1810 411 1906 ἀγον
429 1817 487 1908 τὴν
507 1822 646 1906 μείρακα
665 1826 724 1889 τοῦ
746 1818 881 1908 πατρός.

282 1929 325 1996 ib.
345 1931 403 1996 451
429 1924 573 2018 ἀλιπαρῆ
593 1933 702 2017 τρίχας
731 1935 934 2018 περιπαθῶς
952 1930 1011 2016 μὲν
1031 1927 1070 1997 τό
1092 1933 1150 2018 τῆς
1171 1930 1295 2009 πενίας.

280 2038 335 2103 Ai.
359 2040 421 2104 633
439 2044 642 2126 περιπαθῶς
664 2037 683 2128 ἡ
707 2036 897 2127 πρόσθεσις
918 2045 977 2107 τοῦ
999 2032 1149 2118 “πολιᾶς’.
1311 2053 1343 2103 1ο

284 2146 403 2215 Troad.
417 2149 457 2215 99
481 2140 541 2215 ἀνα
563 2150 766 2234 δοσδαίμιονι
790 2145 876 2236 πρὸς
895 2145 1010 2236 ὲαοτὴν
1026 2153 1127 2214 ταῦτα
1147 2144 1296 2237 ἡἛκοίβιγ

202 2254 286 2340 λέγει
306 2247 479 2344 (ἀνάστηθι
511 2255 569 2346 τὴν
592 2256 736 2348 κεφαλήν
764 2283 833 2340 σον,
865 2248 1051 2345 ῶἝκάβη).
1075 2299 1113 2308 -
1137 2254 1156 2346 ἡ
1179 2259 1214 2325 δὲ
1236 2283 1298 2324 πε-

202 2360 304 2432 δόθεν
326 2364 450 2456 κεφαλὴ
480 2368 714 2455 ὲμπαθεστέρα
742 2369 811 2437 ἐστὶ
832 2371 978 2447 καὶτοῖς
999 2365 1228 2454 ὑποκειμένοις
1250 2368 1298 2438 οί-

200 2472 297 2553 κείως
317 2472 445 2558 ἔχουσα.

286 2584 356 2653 OC.
378 2586 439 2651 297
461 2625 503 2634 -
525 2586 679 2671 ἐμπαθὲς
699 2589 734 2655 δὲ
754 2585 792 2656 τό
815 2589 943 2671 χωρίον,
972 2591 1038 2653 τῶν
1058 2587 1117 2672 μὲν
1138 2584 1299 2654 σπεοδόν-
1310 2596 1346 2647 20

200 2717 267 2758 των
288 2698 421 2779 μαθεῖν,
444 2699 504 2761 τοῦ
529 2696 564 2762 δὲ
586 2701 823 2775 κατοκνοῦντος
844 2696 956 2782 λέγειν.

285 2803 406 2870 Electr.
432 2807 494 2870 312
518 2843 556 2853 -
585 2802 623 2872 τδ
657 2806 692 2872 δὲ
724 2801 894 2892 εἴργεσθαι
925 2802 1039 2888 ὲξόδοο
1071 2803 1129 2894 τὴν
1160 2807 1299 2892 μείρακα

201 2912 391 2998 περιπαθὲς
412 2913 481 2998 μὲν,
504 2911 661 3002 χρησιμδν
684 2915 720 2981 δὲ
742 2911 829 3000 πρός
849 2910 908 3002 τὴν
931 2911 1106 2982 ὑπόθεσιν.

284 3023 327 3090 ib.
351 3024 411 3090 757
435 3028 533 3090 τοῦτο
563 3025 599 3091 δὲ
630 3012 713 3111 λέγεί
738 3021 755 3090 ό
777 3015 917 3111 ἀγγελος,
946 3025 1000 3090 ἵνα
1023 3016 1216 3107 ἀξιόπιστος
1238 3017 1299 3110 ε’ίη,

201 3126 290 3219 ἢίνα
306 3127 405 3199 πάλιν
426 3133 617 3219 περιπαθὲς
638 3129 676 3199 τό
700 3131 815 3213 πάθος
836 3134 963 3221 γίνηται
985 3138 1025 3224 τῇ
1047 3126 1215 3222 Ἠλέκτρα.
1312 3141 1346 3191 25

203 3383 367 3450 πικροτέραν
384 3383 518 3449 γενέσθαι
535 3381 574 3451 τῷ
593 3377 787 3452 Ἀγαμέμνονι
805 3383 850 3434 καὶ
868 3383 992 3452 πολέμου
1012 3379 1200 3447 (scribendum
1219 3381 1300 3432 πολε-

202 3474 278 3545 μίου)
297 3479 343 3528 καὶ
360 3471 519 3544 ἀλλοδαπῆς
537 3475 587 3544 τὴν
604 3471 855 3549 Κλυταιμνήστραν.
878 3475 927 3531 cfr.
946 3477 990 3530 Ai.
1002 3478 1062 3530 924.

292 3571 310 3624 4
328 3573 359 3626 έν
377 3572 576 3645 δυστυχεστέρρ
597 3565 646 3628 οὖν
663 3576 715 3627 εἰσι
734 3569 800 3647 τόχχ
820 3554 883 3629 εδδ.
902 3574 934 3628 G.

293 3670 309 3722 6
328 3663 446 3724 έννειίων
464 3671 581 3726 verbum
604 3673 773 3740 suspectum.

277 3769 308 3820 15
327 3767 373 3833 τῆς
391 3767 487 3827 πολιᾶς
504 3767 527 3821 L
546 3767 622 3837 quod
641 3766 760 3823 correxi.

274 3865 308 3917 22
328 3860 397 3935 πρὸς
416 3860 465 3930 τὴν
482 3870 600 3935 μείρακα
618 3863 641 3918 L
661 3863 785 3920 correxit
805 3861 836 3918 Ο.
849 3863 972 3917 Iahnius.

274 3963 309 4013 23
328 3953 466 4015 ὑπόθεσιν
482 3960 506 4014 V
530 3957 681 4032 ὑπέρθεσιν
700 3961 732 4015 L.

275 4059 310 4110 24
329 4057 369 4111 sic
387 4061 552 4112 cunctanter
569 4056 682 4110 restitui
700 4055 754 4110 hoc
772 4054 897 4110 scholion
915 4071 949 4108 ex
967 4053 1103 4124 vestigiis,
1123 4069 1194 4122 quae
1205 4053 1312 4106 insunt·

204 4153 266 4207 inL
285 4158 331 4207 καὶ
348 4157 392 4208 ἵνα
413 4150 571 4215 ἀξιόπιστος
587 4159 627 4220 εἴη
645 4151 660 4206 ὁ
682 4146 806 4223 ἅγγελος,
826 4156 870 4206 ἵνα
888 4145 971 4205 πόλιν
989 4147 1019 4204 ιδ
1038 4149 1193 4221 περιπαθὲς
1211 4154 1251 4216 εἴη
1268 4149 1300 4222 τῇ

201 4246 339 4322 Ἠλέκτρα,
372 4254 401 4305 ελ
420 4250 449 4304 in
469 4251 493 4305 G
510 4251 588 4305 τοῦτο
606 4250 637 4304 δὲ
656 4252 729 4320 λέγει
749 4247 764 4303 ὁ
790 4242 905 4320 ἅγγελος
927 4252 971 4302 ἵνα
995 4242 1152 4308 ἀξιόπιστος
1175 4252 1224 4313 εἴη,
1254 4249 1299 4299 ἵνα

205 4347 359 4418 περιπαθὲς
375 4344 406 4400 τὸ
424 4341 515 4408 πόθος
532 4352 640 4418 γένηται
660 4349 690 4424 τῇ
705 4343 842 4418 Ἠλέκτρα.
876 4346 928 4400 hoc
950 4362 1035 4398 unum
1054 4360 1105 4414 pro
1126 4345 1204 4399 certo
1222 4341 1299 4396 affir-
