3000 5176
808 348 867 412 106

290 529 457 616 ἐξετάζειν.
480 535 586 612 καλῶς
607 534 643 599 δὲ
663 531 700 599 τό
722 529 872 619 ιθαρσῶ),
895 529 974 600 ου’δὲ
994 534 1054 619 γάρ
1073 532 1174 613 αὐτὸς
1194 529 1293 619 οἶδεν,
1315 529 1382 599 ἀλλ’

287 633 355 707 άπό
377 646 443 708 τῶν
464 640 568 729 λόγων
591 649 647 710 τοῦ
671 639 862 732 Κάλχαντος
884 644 1025 730 άγιυνιάν
1045 644 1153 733 φησίν.

372 921 427 987 Αἰ.
442 923 501 986 134
526 918 710 1005 Ἰἐλαμιύνιε
725 927 803 988 παῖε
829 925 982 1000 πιθανῶς
1000 913 1092 1008 αύτῷ
1114 916 1132 986 ὁ
1155 919 1253 1004 χορός
1275 914 1385 986 ε’σκεύ-

286 1052 381 1096 ασται
401 1023 470 1096 άπδ
492 1031 695 1114 Σαλαμινίων
718 1023 853 1115 άνδρῶν,
876 1035 974 1096 τοῦτο
995 1029 1054 1114 μέν
1075 1027 1386 1116 παρρησιαζομένων

257 1133 333 1217 οῶς
355 1139 549 1225 ἐλευθέρων,
574 1144 676 1205 τοῦτο
707 1141 743 1207 δὲ
778 1142 967 1225 συμπαθῶς
995 1134 1134 1221 ἑχόντων
1164 1134 1210 1216 ῶς
1238 1139 1385 1204 πολιτῶν

287 1250 339 1314 καὶ
363 1246 548 1336 αἰδημόνως
570 1248 758 1317 λαλούντων
780 1246 826 1330 ῶς
847 1245 1011 1337 ὑπηκόων.
1037 1241 1079 1315 οιί
1101 1245 1160 1335 γάρ
1183 1242 1330 1313 πιθανόν
1351 1245 1387 1329 ἐξ

286 1350 426 1440 Ἀχαιῶν
447 1355 587 1446 εἰσάγειν
607 1360 660 1426 καὶ
682 1357 737 1427 διά
759 1356 798 1426 τό
829 1355 899 1447 (μὴ)
933 1354 1163 1440 συνάχθεσθαι
1186 1357 1239 1422 καὶ
1266 1351 1321 1422 διά
1345 1351 1384 1421 τό

286 1463 332 1553 μη
356 1463 578 1553 προσκρούειν
599 1472 645 1555 τῶ
664 1470 801 1546 βασιλεῖ.
844 1463 881 1534 τό
908 1467 943 1534 δέ
972 1470 1038 1532 τῶν
1060 1459 1275 1549 αἰχμαλώτων
1295 1464 1384 1549 κηδε-

286 1574 421 1660 μονικόν
432 1576 501 1661 μέν,
523 1575 569 1656 ῶς
580 1572 752 1659 Αἰσχύλος
767 1577 800 1643 ἐν
819 1572 993 1667 Θρῄσσαις,
1017 1569 1055 1641 ού
1071 1570 1135 1663 μὴν
1153 1566 1385 1658 εὐπρόσωπον

241 1695 274 1747 10
287 1680 350 1770 όρα
380 1682 438 1771 γάρ
468 1679 542 1752 οἷον
571 1675 610 1773 ἦν
637 1674 697 1774 <siv
727 1710 789 1752 om.
820 1685 869 1772 L>
901 1680 1126 1770 αἰχμαλώτους
1156 1683 1308 1766 ἐπιτιμᾶν
1339 1685 1386 1768 τῷ

288 1791 459 1882 Μενελάῳ.

371 1904 495 1969 Phoen.
518 1904 580 1968 202
608 1899 730 1988 Τύριον
752 1897 866 1988 οἰδμαε
891 1944 924 1952 »-
942 1900 1011 1971 ἔδει
1033 1902 1078 1987 δὲ,
1103 1902 1214 1990 φασὶν,
1235 1893 1302 1967 άπὸ
1325 1924 1384 1966 πο-

287 2012 419 2080 λιτίδιον
441 2009 461 2101 ἢ
481 2014 674 2099 συγγενίδων
695 2017 753 2098 τῆς
772 2005 932 2100 Ἰοκάστης
955 2010 1013 2080 τόν
1033 2009 1131 2098 χορόν
1152 2004 1244 2096 εἶναι,
1266 2011 1386 2088 αἳτινες

289 2119 425 2206 ἔμελλον
446 2118 755 2210 παραμυθήσασθαι
776 2116 875 2210 αὐτὴν
891 2122 1029 2202 ε’πίτοῖς
1041 2126 1210 2206 συμβᾶσιν.
1234 2120 1386 2206 ἐπίτηδες

242 2242 274 2294 15
287 2232 323 2299 δὲ
346 2226 405 2299 οόκ
427 2231 510 2301 εἰσὶν
532 2228 681 2318 ε’γχῶριαι
704 2229 737 2298 αἰ
760 2225 830 2299 άπό
863 2237 927 2299 τοῦ
957 2237 1066 2316 χοροῦ,
1102 2224 1186 2298 άλλά
1218 2231 1304 2314 ξέναι
1331 2230 1386 2296 καὶ

288 2336 482 2426 ἱερόδουλοι,
510 2337 603 2420 ὅπως
630 2342 663 2408 ἐν
682 2347 754 2421 τοῖς
781 2338 856 2428 ἑξῆς
878 2335 983 2421 άδεῶς
1005 2335 1199 2427 άντιλέγοιεν
1222 2334 1308 2425 πρός
1327 2334 1386 2425 τὴν

287 2444 490 2531 Ἐτεοκλέους
511 2444 637 2518 άδικίαν
656 2452 706 2539 <sn
719 2451 802 2538 526>
820 2445 892 2518 εοόκ
917 2441 953 2518 εὖ
976 2450 1078 2537 λέγειν
1099 2448 1157 2538 χρὴ
1177 2446 1222 2537 μη
1245 2449 1294 2516 ’πί
1313 2454 1386 2528 τοῖς

289 2557 396 2645 έργοις
418 2553 549 2638 καλῶς’.
590 2552 645 2625 άεί
672 2557 730 2645 γάρ
759 2556 778 2627 ό
807 2558 905 2646 χορός
932 2553 1234 2647 παρρησιαζόμενος
1255 2561 1314 2623 τοῦ
1336 2559 1383 2624 δι-

287 2669 380 2733 καίου
404 2667 609 2752 προΐσταται.
632 2672 706 2748 πῶς
727 2657 784 2735 σύν
805 2666 941 2753 ἔμελλον
963 2666 1165 2751 τὸνβασιλέα
1185 2667 1331 2753 ἐλέγχειν,
1355 2664 1385 2733 εἰ

240 2787 275 2838 20
290 2775 347 2842 ὑπ’
372 2769 477 2842 αύτοῦ
496 2772 741 2860 ἐβασιλεύοντο,·

372 2887 459 2953 Med.
482 2886 543 2951 823
570 2882 664 2971 εἰπερ
697 2891 832 2976 φρονεῖς
859 2889 886 2972 γ’
917 2873 953 2951 εύ
986 2880 1176 2964 δεσπόταιςτ
1209 2884 1385 2952 δέσποιναν

288 2991 403 3082 ἑαυτὴν
424 2995 507 3081 λέγει
531 2988 594 3078 ούχ
614 2991 660 3074 ῶς
685 2999 900 3081 θεραπαινῶν
928 2987 1039 3061 ούσῶν
1068 2998 1135 3060 τῶν
1155 2986 1222 3060 άπὸ
1248 2997 1307 3060 τοῦ
1329 3019 1385 3076 χο-

288 3109 358 3191 ροῦ,
381 3102 467 3172 ὅπου
489 3109 557 3171 κατ’
572 3098 675 3192 άρχην
696 3110 755 3171 τού
780 3102 876 3191 λόγου
901 3105 999 3194 φίλας
1014 3103 1111 3183 αὐτάς
1125 3096 1284 3187 ὀνομάζει,
1303 3095 1385 3168 άλλά

454 3209 461 3233 Ι

287 3211 325 3281 τό
346 3207 545 3293 (δεσποτοις)
567 3207 638 3280 άντλ
657 3219 716 3280 τοῦ
737 3220 808 3293 τοῖς
829 3205 964 3298 άρχουσι
984 3213 1038 3278 καί
1058 3217 1130 3292 τοῖς
1151 3217 1384 3298 κρατοῦσιν.-

375 3409 392 3458 2
411 3406 476 3461 huic
495 3408 723 3462 observationum
741 3408 839 3478 generi
850 3425 907 3462 non
918 3407 1128 3462 attribuendum
1141 3409 1184 3460 ssi
1197 3406 1281 3460 schol.
1291 3406 1384 3461 Prom.

288 3505 340 3558 393
359 3497 464 3558 άτοπον
481 3495 515 3571 ἦν
531 3502 580 3571 τὴν
598 3499 710 3559 πάντων
726 3509 838 3574 γένεσιν
853 3509 991 3575 χρονίζειν
1009 3504 1056 3557 ἐπὶ
1073 3504 1119 3569 τῆς
1138 3497 1276 3569 κινήσεως,
1297 3505 1321 3555 εἰ
1339 3507 1388 3554 καί

287 3620 327 3660 τις
343 3596 419 3668 ἥλιον
436 3599 592 3671 εἰσαγαγὼν
609 3603 656 3655 ἐπὶ
673 3599 743 3655 πολὺ
763 3599 811 3657 τὸν
828 3597 937 3673 κόσμον
954 3596 1065 3669 ἀνήλιον
1083 3606 1165 3655 εἴασε.
1186 3601 1230 3652 δεῖ
1242 3590 1384 3669 οὗνμεμε-

288 3702 428 3769 τρημένως
446 3694 478 3750 τά
496 3699 605 3750 τοιαῦτα
623 3705 773 3754 ποιεῖσθαι.
1384 3769 1387 3773 ¹

361 3796 393 3848 12
411 3811 527 3865 prorsus
549 3795 645 3848 eadem
666 3798 752 3864 atqua
770 3796 816 3850 hic
835 3795 984 3850 scholiasta
1003 3794 1098 3865 paullo
1118 3793 1180 3847 aliis
1198 3793 1281 3847 modo
1290 3792 1384 3847 verbis

288 3891 408 3946 Thomas
427 3891 563 3962 Magister
581 3891 678 3945 eadem
697 3892 800 3946 scrinia
817 3892 970 3960 compilans
992 3891 1101 3960 profert
1118 3891 1148 3944 in
1159 3889 1300 3945 auseis
1319 3889 1385 3944 δέον

288 3987 319 4039 ἐκ
332 3989 459 4054 Θηβαίων
470 3987 607 4056 γυναικῶν
617 3981 817 4056 συνιστάμενον
831 3984 880 4042 τὸν
895 3985 984 4058 χορὸν
999 3980 1138 4053 Ἰοκάστην
1155 3990 1383 4056 παραμυθεῖσθαι

288 4081 336 4134 ἐπὶ
345 4087 402 4140 τοῖς
411 4082 558 4151 συμβῶσιν.
568 4082 693 4148 ἐπίτηδες
700 4079 807 4150 (δὲλούκ
818 4083 847 4143 ἐξ
855 4083 999 4154 ἐγχωρίων
1008 4077 1066 4134 ἀλλ’
1077 4083 1107 4135 ἐκ
1117 4084 1202 4142 ξένων
1212 4084 1384 4146 συνέστηκεν,

287 4175 363 4235 ὅπως
386 4173 475 4236 ἀδεῶς
499 4173 664 4248 ἀντιλέγοιεν
689 4181 722 4252 τῇ
745 4175 913 4237 Ἐτεοκλέους
930 4180 1078 4248 πλεονεξίᾳ,
1105 4173 1174 4231 ὥστε
1193 4177 1252 4236 πῶς
1270 4177 1386 4247 ’έμελλον

286 4270 466 4341 τὸνβασιλέα
485 4275 616 4345 ἐλέγχειν,
642 4281 718 4347 εἴπερ
737 4274 782 4329 ὑπ’
802 4272 884 4328 αι’ποῦ
900 4270 1106 4343 έθασιλεύοντο;
1137 4272 1181 4327 διά
1208 4276 1285 4326 τοῦτο
1312 4279 1378 4325 φοί-

289 4375 383 4424 νισσαί
397 4373 468 4424 εἰσιν
485 4373 693 4442 αἰχμιιλωιλδες.
