3000 5176
659 318 699 384 75

132 507 278 573 schol.B
301 508 418 590 1'306,
448 507 504 572 ubi
534 507 567 572 in
594 501 688 574 λύσει
710 499 870 591 οἷπορίας·
903 503 957 574 διαὶ
981 507 1014 574 τί
1034 503 1052 573 ὁ
1075 507 1228 595 Πρίαμος

868 608 933 638 >R
976 614 995 640 >l

128 612 186 683 aia
206 617 266 700 μὲν
279 609 490 703 Ἀλέξανδρον
508 616 563 682 καὶ
583 612 642 682 τόν
655 615 824 683 Μενέλαον
839 642 898 683 ουκ
911 643 950 682 αν
972 642 1038 706 εφη
1061 613 1227 685 δύνασθαι

130 723 212 793 ἰδεῖν
240 726 443 811 μαχομένους
474 718 542 791 ἄλλ’
572 716 663 812 ᾤχετ’
693 718 815 811 οἷπιών,
845 725 903 792 τὸν
935 727 962 793 δ’
994 721 1142 809 Ἀχιλλέα
1173 726 1228 792 καὶ

123 832 263 923 Ἕκτορα
283 841 425 922 hemeah
448 837 534 901 inter
554 837 616 900 alia
638 838 719 901 haec
742 836 898 920 leguntur
921 832 1031 915 οὕτως
1055 832 1113 923 γὰρ
1134 836 1188 902 καὶ
1207 832 1226 923 η

63 969 65 973 ’
128 941 232 1033 μήτηρ
257 943 428 1031 πάρεστιν,
452 937 514 1026 οὐχ
535 945 588 1010 ἵνα
608 939 771 1031 θεάσηται
793 940 989 1029 μαχόμενον,
1012 939 1082 1012 αλλ’
1104 947 1158 1010 ἵνα
1179 940 1224 1032 μη

116 1050 300 1151 ιθεάσηται,
323 1049 534 1132 εἰσελθόντος
555 1053 659 1120 αὐτοῦ
680 1054 827 1141 δεομένη.
870 1055 925 1121 καὶ
947 1051 1015 1139 ἅμα
1038 1058 1085 1142 τῷ
1105 1058 1228 1144 ποιητῇ

130 1163 149 1252 ἡ
168 1165 379 1252 τραγῳδία
398 1157 542 1244 ἀνύεται,
561 1164 601 1229 δι’
626 1159 738 1230 οἴκτου
760 1169 1003 1251 ψυχαγωγοῦσα
1024 1160 1082 1231 τὸν
1104 1157 1228 1251 οἷκροα-
1298 1143 1392 1241 „sis

128 1273 196 1360 τήν,
220 1269 350 1340 τούτων
372 1270 549 1359 παρόντων
569 1275 637 1339 κτλ.
660 1274 802 1340 redeunt
823 1275 927 1360 igitur
949 1275 1003 1341 hic
1026 1297 1157 1361 quoque
1171 1300 1226 1340 vo-

130 1385 244 1449 cabula
273 1376 384 1462 οἶκτος
414 1389 621 1470 ψυχαγωγεῖν
642 1376 806 1470 οἷκροατης
839 1406 923 1469 quae
958 1385 993 1449 in
1023 1384 1227 1469 tragicorum

130 1494 260 1559 scholiis
284 1493 473 1580 saepissime
497 1493 663 1576 leguntur.
707 1493 794 1558 idem
820 1494 969 1560 scholion
996 1494 1149 1579 exemplo
1179 1503 1229 1558 est

131 1602 199 1666 eius
221 1603 279 1683 rei,
302 1623 399 1687 quam
420 1625 517 1688 supra
537 1603 715 1689 posuimus,
738 1625 780 1666 ex
806 1600 1051 1690 quaestionibus
1075 1601 1226 1688 Porphy-

130 1708 229 1775 rianis
251 1709 399 1774 hausisse
424 1719 589 1773 auctorem
606 1710 739 1774 alterius
763 1710 962 1776 scholiorum
986 1709 1101 1774 ood.B
1124 1730 1229 1795 genc-

130 1819 176 1883 ris
198 1841 251 1884 eas
273 1829 329 1883 aut
358 1819 392 1884 in
423 1818 555 1883 brevius
584 1820 832 1885 contrahentem
865 1829 921 1884 aut
949 1820 1054 1884 forma
1084 1809 1229 1903 οἷπορίας

123 1928 227 2014 ‘plane
253 1939 439 1994 exuentem.
480 1951 553 1992 uam
583 1929 623 1992 ad
655 1929 796 1993 eundem
826 1951 958 1993 versum
988 1928 1022 1991 in
1045 1928 1147 1993 schol.
1169 1927 1228 1992 BL

131 2048 322 2102 annotatur:
340 2036 413 2102 ἐπεὶ
424 2030 471 2103 σι’
477 2037 541 2119 ζειν
555 2028 768 2118 Ἀλέξανδρον
782 2036 893 2120 μέλλει
905 2040 1060 2116 πιθανῶς
1072 2031 1229 2122 ὑπεξάγει

130 2142 187 2213 τὸν
211 2146 346 2231 πατέρα,
364 2141 504 2229 Ἕκτορα
529 2145 565 2209 δὲ
585 2136 753 2230 αὐτόπτην
781 2144 819 2233 εἠἶ
849 2144 905 2210 ἐπὶ
926 2149 972 2232 τῷ
996 2141 1055 2211 τόν
1077 2137 1229 2212 οἶκτον

130 2245 178 2320 αλλ
187 2257 283 2337 ξειν.
306 2250 422 2339 παρών
441 2250 500 2339 γὰρ
520 2253 667 2318 ἐνταῦθα
685 2250 807 2319 ἔδωκεν
822 2247 861 2318 ἂν
874 2250 932 2340 τὴν
944 2250 1071 2341 Ἑλένην
1085 2249 1132 2332 οἷς
1152 2249 1229 2332 τούς

130 2358 249 2448 ὅρκους
269 2362 488 2440 ε’πιστευθείς.
511 2359 541 2428 εἰ
557 2362 593 2427 δὲ
615 2362 668 2426 καὶ
683 2365 784 2429 πᾶσιν
801 2357 846 2440 ὡς
859 2362 920 2448 κῆρ
935 2355 1122 2444 ἀπέχθεται
1137 2355 1229 2428 Ἀλέ-

29 2504 39 2523 =
132 2472 276 2554 ξανδρος,
305 2471 375 2537 αλλ’
399 2467 417 2537 ὁ
438 2467 546 2558 πατὴρ
575 2467 613 2536 τὸ
641 2467 782 2559 φυσικὸν
810 2463 853 2537 ori
875 2466 1009 2537 δύναται
1030 2467 1075 2557 μη
1099 2468 1226 2556 σώζειν.

131 2581 245 2647 similis
268 2582 352 2645 ratio
376 2580 581 2645 intercedere
605 2581 683 2644 inihi
703 2581 834 2645 videtur
852 2582 937 2646 inter
954 2580 1089 2662 scholia,
1112 2581 1228 2668 quihus

133 2689 173 2755 de
194 2690 364 2777 prooemio
380 2690 494 2756 Iliadis
516 2690 634 2774 agitur.
665 2691 845 2755 solemnem
868 2690 967 2755 fuisse
993 2689 1229 2774 quaestionem,

132 2823 188 2864 cur
211 2823 230 2863 a
252 2820 332 2864 voce
352 2799 435 2862 male
448 2798 589 2863 ominata
604 2802 700 2885 μῆνις
715 2799 887 2864 exordium
906 2799 1098 2887 sumpsisset
1120 2809 1230 2887 poeta,

132 2907 253 2973 docent
273 2908 400 2994 amplae
419 2907 591 2991 reliquiae,
615 2930 697 2990 quac
719 2907 808 2972 illius
832 2909 1031 2992 quaestionis
1055 2916 1232 2995 supersunt

132 3017 165 3082 in
178 3017 310 3082 scholiis
324 3016 450 3081 nostris.
476 3039 671 3100 quamquam
685 3018 858 3082 Bckkcrus
874 3041 974 3082 unum
989 3028 1114 3082 tantum
1127 3019 1229 3082 breve

133 3126 284 3191 scholion
308 3127 404 3190 affort
427 3149 469 3190 cx
492 3125 605 3190 codice
628 3127 666 3209 B,
691 3127 778 3211 quod
803 3128 887 3192 hanc
911 3127 1045 3214 respicit
1065 3125 1227 3212 quaestio·

134 3256 218 3317 nem,
249 3246 359 3299 tamen
385 3235 520 3300 dubium
550 3259 621 3301 esse
650 3259 714 3301 non
746 3247 872 3325 potest,
897 3234 982 3322 'quin
1011 3238 1155 3301 omnium
1176 3236 1230 3299 ha·

134 3368 206 3409 rum
236 3344 448 3430 reliquiarum
470 3345 543 3411 fons
566 3346 664 3410 fuerit
688 3347 835 3431 quaestio
871 3356 902 3410 et
932 3345 1049 3411 solutio
1076 3345 1231 3433 Porphy-

133 3453 233 3519 riana.
254 3477 327 3518 nam
350 3462 432 3519 teste
453 3453 550 3518 Rosio
573 3454 595 3519 l.
617 3455 638 3520 l.
663 3479 695 3542 p.
711 3453 769 3520 152
791 3456 824 3519 in
847 3455 962 3542 primis
988 3455 1111 3520 codicis
1140 3453 1228 3517 foliis

133 3574 299 3629 extremae
321 3565 541 3648 membranae,
563 3586 646 3650 quac
670 3564 816 3648 integras
830 3565 1008 3653 Porphyrii
1021 3564 1228 3649 quaestiones

134 3672 300 3755 exhibent,
322 3696 382 3738 usu
403 3672 485 3737 adeo
509 3677 638 3739 attritae
658 3685 742 3758 sunt,
767 3684 802 3738 ut
830 3675 932 3739 multa
955 3683 1010 3739 aut
1029 3673 1226 3741 difficillima

134 3783 198 3846 sint
235 3783 320 3846 lectu
358 3793 411 3847 aut
452 3784 548 3848 ctiam
589 3783 679 3847 nullo
720 3783 817 3848 modo
857 3784 926 3869 legi
957 3783 1091 3870 possint,
1127 3803 1228 3870 quare

133 3904 286 3977 magnam
321 3914 430 3956 aarum
454 3901 579 3980 partem
604 3915 669 3957 non
692 3893 799 3957 solum
821 3892 1026 3958 Villoisonus
1049 3893 1108 3958 scd
1135 3891 1231 3956 etiam

134 4002 188 4086 qui
211 4002 306 4065 unius
331 4002 491 4066 codicisB
516 4001 640 4066 scholia
659 4003 694 4065 in
714 4003 857 4090 primum
880 4025 1011 4068 carmen
1029 3999 1132 4066 edidit
1144 4001 1231 4063 Bon·

133 4111 328 4195 giovannius
352 4111 515 4195 (Venatiis
529 4112 623 4196 1740)
647 4114 764 4178 omisit.
789 4113 824 4177 in
847 4113 896 4178 his
919 4112 1065 4198 quaestio
1092 4111 1133 4174 de
1156 4132 1230 4197 pro·

135 4221 240 4285 oemio
264 4220 377 4286 Iliadis
399 4221 631 4308 Porphyriana
657 4223 757 4288 fuisse
781 4222 920 4287 videtur.
949 4244 1019 4287 eam
1043 4221 1076 4284 in
1097 4220 1230 4285 bravius

611 4333 627 4348 Ιο

135 4339 336 4394 contractam
366 4329 465 4395 habat
485 4329 571 4426 AL:
609 4335 743 4418 ςητοῦσι
773 4327 827 4396 διὰ
856 4331 888 4396 τί
916 4322 983 4395 ἀπὸ
1012 4333 1069 4416 τῆς
1096 4324 1231 4413 piatos
