3000 5176
713 315 755 381 30

192 498 368 564 Ranarunr.
393 497 426 562 in
448 506 641 583 argumento
652 495 772 584 Oedipi
787 496 899 581 Regis,
921 521 984 585 quo
1009 498 1050 563 de
1071 497 1285 585 inscriptione

189 607 319 671 fabulae
338 607 457 692 agitur,
470 606 693 671 Dicaearchus
710 605 861 671 laudatur
877 607 978 690 testis,
990 606 1188 695 Sophoclem
1211 629 1284 672 cum

187 715 272 781 hano
306 716 448 780 fabulam
482 715 619 780 doceret
647 715 770 780 victum
801 737 872 780 esse
899 739 918 779 a
946 715 1095 780 Philocle
1125 715 1177 800 (II
1199 739 1231 804 p.
1244 715 1283 778 12

184 824 299 904 Dind.)
321 822 495 909 χαριέντως
527 823 563 889 δέ
587 827 840 890 TYPANNON
858 819 1001 902 ἅπαντες
1024 816 1122 889 αὐτὸν
1150 818 1284 907 ἐπιγρά-

183 956 311 1022 φουσιν,
335 928 381 1012 ὠς
401 932 550 1014 ἐξέχοντα
570 928 678 1019 πάσης
699 935 757 1020 τῆς
776 932 984 1019 Σοφοκλέους
1014 928 1190 1020 ποιήσεως,
1213 930 1284 997 καί·

182 1066 247 1126 περ
282 1038 464 1129 ἡττηθέντα
494 1037 561 1119 δπδ
585 1041 798 1120 Φιλοκλέους,
834 1036 879 1119 δίς
903 1063 983 1130 φησι
1016 1041 1283 1125 Δικαίαρχος.

183 1152 216 1216 in
230 1152 341 1217 Aiacis
362 1162 556 1237 argumento
577 1151 717 1215 traditur
729 1151 953 1217 Dicaearchus
970 1150 1175 1239 inscripsisse
1197 1150 1281 1214 hano

182 1261 386 1344 tragoediam
409 1255 560 1338 Αἴαντος
580 1255 736 1344 θάνατος,
766 1261 861 1345 cique
897 1269 1107 1348 opponuntur
1138 1258 1283 1323 didasca-

183 1373 256 1456 lice,
279 1373 312 1439 in
335 1374 451 1458 quibus
477 1395 599 1438 merum
616 1373 728 1438 Aiacis
743 1395 863 1439 nomen
878 1373 1015 1438 dramati
1030 1373 1072 1437 sit
1093 1373 1278 1459 praefixum

128 1541 131 1553 .
183 1484 230 1562 (II
252 1506 283 1569 p.
299 1483 467 1566 26Dind.)
492 1482 750 1567 Δικαίαρχος
771 1481 1037 1552 δέΑΙΑΝΤΟΣ
1053 1484 1287 1548 ΘΛΝΑΤΟΝ

183 1587 368 1681 ἐπιγράφει.
423 1592 456 1658 έν
487 1591 522 1657 δέ
550 1597 623 1670 ταῖς
653 1591 874 1670 διδασκαλίαις
902 1593 1011 1677 ψιλῶς
1030 1597 1155 1656 AIA}
1171 1583 1283 1677 ἀναγέ-

181 1726 335 1786 γραπται.
386 1702 500 1766 similis
532 1711 581 1766 est
605 1702 687 1765 ratio
719 1701 753 1765 in
776 1711 968 1787 argumento
990 1700 1090 1765 Rhesi
1121 1700 1281 1788 ampliore

183 1810 343 1894 (secundo
366 1810 553 1893 Dindorfii).
605 1810 647 1875 ibi
672 1811 713 1875 dc
738 1810 867 1876 difficili
891 1812 946 1876 illa
967 1812 1169 1896 quaestione,
1201 1832 1279 1873 num

181 1919 361 2007 Euripides
383 1921 423 1984 sit
441 1920 567 1986 Rhesus
589 1920 668 1984 haec
690 1920 863 2004 leguntur:
883 1925 981 1986 τοῦτο
1006 1917 1043 1985 cd
1065 1921 1172 2005 δρᾶμα
1196 1916 1278 1984 ένιοι

181 2022 286 2094 νόθον
304 2023 496 2114 έπινόησαν,
526 2019 707 2112 Εὐριπίδου
741 2027 777 2094 δέ
804 2025 849 2116 μὴ
870 2022 969 2095 εἶναι·
1001 2025 1059 2094 τδν
1089 2025 1148 2114 γὰρ
1170 2022 1281 2116 Σοφίι-

181 2138 289 2203 κλειον
310 2138 434 2220 μᾶλλον
455 2132 632 2225 ὑποφαίνει
656 2134 872 2228 (ὑποφαίνειν
883 2136 920 2224 P>
939 2141 1132 2224 χαρακτῆρα.
1153 2136 1187 2203 έν
1207 2135 1280 2220 μέν·

180 2272 233 2313 τοι
255 2251 327 2325 ταῖς
347 2245 567 2323 διδασκαλίαις
599 2242 644 2324 ιδς
663 2242 793 2334 γνήσιον
820 2239 1066 2333 ἀναγέγραπται,
1086 2247 1140 2311 καὶ
1161 2241 1181 2332 ἡ
1201 2246 1280 2329 περὶ

180 2352 220 2420 τὰ
241 2351 401 2440 μετάρσια
434 2355 470 2421 δέ
500 2354 533 2420 έν
560 2347 648 2442 αὕτη]
681 2351 982 2442 πολυπραγμοσύνη
1015 2351 1073 2420 cdv
1100 2347 1281 2440 Εὐριπίδην

180 2462 345 2552 ὁμολογεῖ.
367 2462 525 2552 πρόλογοι
548 2466 583 2532 δέ
609 2467 713 2533 διττοὶ
736 2468 900 2556 φέρονται.
943 2463 961 2533 δ
983 2470 1060 2553 γοῦν
1083 2465 1281 2549 Δικαίαρ-

177 2599 248 2657 χος
276 2575 420 2654 ἐκτιθεὶς
452 2572 510 2662 τὴν
532 2563 697 2643 ὑπόθεσιν
727 2580 786 2641 τοῦ
809 2572 915 2663 Ρησου
946 2572 1063 2668 γράφει
1092 2571 1173 2641 κατὰ
1193 2575 1279 2657 λέξιν

180 2680 284 2762 οὕτως
303 2680 371 2749 (νῦν
390 2677 560 2771 είσέληνον
574 2685 692 2781 φέγγος
713 2683 732 2773 ἡ
757 2679 966 2775 διφρηλατος’
990 2681 1028 2734 ἑ-
1048 2686 1105 2752 καὶ
1127 2686 1161 2751 έν
1182 2685 1279 2764 ἐνίοις

179 2796 246 2857 τῶν
267 2785 472 2881 ἀντιγράφων
494 2791 606 2881 ἕτερός
624 2820 674 2874 τις
686 2795 820 2884 φέρεται
842 2791 1007 2881 πρόλογος
1018 2797 1086 2862 κτλ.
1116 2795 1282 2885 praecedit

181 2902 234 2968 his
248 2905 387 2968 verbosa
404 2904 532 2968 fabulae
550 2905 720 2971 enarratio.
758 2928 800 2970 ex
811 2904 1029 2989 Dicaearcho,
1050 2905 1105 2991 qui
1129 2903 1281 2968 laudatur

181 3013 237 3078 ubi
252 3013 294 3077 dc
306 3013 429 3100 duplici
445 3013 574 3078 fabulae
591 3015 729 3102 prologo
751 3037 858 3079 sermo
875 3025 932 3093 ost,
955 3035 992 3078 ea
1008 3035 1136 3099 quoque
1151 3021 1280 3100 sumpta

182 3143 264 3204 esse,
277 3143 359 3207 quae
373 3122 413 3186 dc
429 3123 575 3187 dramate
588 3123 799 3211 suppositicio
812 3124 1054 3211 disputarentur
1066 3132 1155 3188 recte
1169 3121 1280 3187 statuit

182 3231 418 3310 Kirchhoffius,
442 3232 496 3316 qui
510 3232 634 3319 primus
655 3233 838 3297 accuratius
853 3233 893 3298 de
908 3233 972 3296 hoc
992 3241 1184 3317 argumento
1209 3231 1278 3317 egit

182 3339 216 3402 in
231 3339 398 3425 Philologi
419 3339 483 3404 vol.
499 3339 530 3403 X
552 3365 583 3427 p.
597 3342 658 3405 559
674 3363 746 3425 sqq.
791 3365 864 3406 narn
889 3342 1004 3406 eodem
1028 3340 1137 3425 modo,
1159 3363 1222 3426 quo
1243 3342 1278 3405 in

181 3458 375 3534 argumento
399 3422 511 3514 Aiacis
526 3448 731 3514 Dicaearcho
757 3460 967 3536 opponuntur
989 3449 1198 3531 didascalice,
1221 3448 1275 3515 hic

184 3579 226 3620 ex
250 3555 436 3621 didascaliis
459 3557 620 3622 refutatur
643 3559 805 3623 sententia
828 3558 985 3642 ciusdem,
1008 3559 1063 3645 qni
1086 3567 1198 3646 postea
1220 3581 1276 3623 no-

184 3664 330 3729 minatim
346 3665 506 3732 laudatur.
528 3667 630 3731 veluti
643 3667 741 3751 idom,
765 3668 826 3752 qui¹
843 3667 922 3732 haec
935 3667 1111 3755 excerpsit,
1135 3667 1276 3756 primum

181 3772 214 3837 in
236 3774 426 3866 universum
439 3776 542 3839 refert
553 3770 711 3860 πρόλογοι
725 3773 761 3839 δὲ
783 3775 886 3840 διττοὶ
908 3774 1063 3864 φέρονται
1086 3786 1198 3842 ettam
1221 3775 1277 3839 de-

179 3905 266 3945 mum
280 3880 369 3946 addit
384 3878 401 3946 δ
414 3886 490 3968 γαί-’ν
502 3882 697 3966 Δικαίαρχος
708 3883 774 3948 κτλ.
798 3884 992 3949 didascalica
1005 3885 1092 3970 ipsas
1103 3885 1179 3949 huic
1192 3905 1278 3950 corn-

178 3991 308 4078 pilatori
321 4015 384 4056 non
399 3991 431 4056 in
444 3977 595 4077 promptu
613 3990 725 4075 fuisse,
738 3991 825 4055 idem
839 3993 1023 4057 observavit
1036 3993 1277 4076 Kirchhoffius3

179 4109 211 4161 at
234 4099 322 4184 quod
347 4099 397 4162 vir
419 4101 624 4164 doctissimus
641 4101 674 4164 in
697 4100 967 4187 simplicissimam
988 4103 1221 4184 coniecturam,
1235 4123 1275 4166 cx

180 4202 418 4295 Aristophanis
432 4219 625 4292 argumento
639 4231 692 4274 eas
704 4209 950 4297 compilatorem
962 4209 1138 4294 derivasse,
1160 4219 1278 4292 monet,
1317 4225 1320 4230 “

179 4338 287 4382 carum
318 4340 382 4385 non
415 4318 610 4399 rnerrtionom
645 4318 716 4383 fiori
753 4319 785 4382 in
809 4319 1040 4408 Aristophanis
1071 4329 1276 4406 argumento,
