3000 5176
813 290 854 354 64

285 478 409 545 toribus
435 478 582 566 opponit,
604 500 688 559 nam,
718 486 754 540 ut
777 476 958 562 Didymum
983 477 1229 566 reprehendens
1249 477 1379 564 poetico

285 591 422 653 fortasse
447 588 583 652 flosculo
606 584 705 667 addit,
727 580 938 673 tSophoclem
963 598 1027 651 tam
1049 598 1192 652 voterem
1213 586 1379 651 hominem

284 709 407 762 temere
428 717 583 761 accusare
607 717 666 760 nec
689 694 777 782 pium
800 706 929 761 estnec
950 689 1088 777 iustum',
1110 688 1169 778 οὐχ
1191 691 1282 762 ὅσιον
1305 688 1381 761 οὐδὲ

283 804 417 870 δίκαιον.
455 803 622 890 Euripidis
646 802 854 868 defensorem
880 805 942 869 iam
964 805 1190 889 cognovimnn,
1211 805 1264 870 hic
1287 805 1380 868 vide-

285 938 355 978 mus
374 914 425 977 vel
444 912 603 999 Sophocli
627 912 723 976 talem
746 935 812 976 non
835 913 987 978 defuisse.
1010 912 1194 978 huiusmodi
1219 913 1380 978 litteratae

283 1024 368 1088 inter
391 1022 580 1087 scholiastes
604 1022 849 1107 disceptationis
871 1023 1059 1109 specimina,
1091 1046 1173 1108 quae
1197 1024 1316 1110 passim
1347 1025 1379 1087 in

284 1131 416 1196 scholiis
430 1130 681 1215 uniuscuiusque
696 1131 850 1195 materiae
866 1132 1089 1214 inveniuntur,
1112 1133 1164 1197 vel
1182 1134 1214 1199 in
1228 1132 1266 1197 iis
1282 1154 1378 1216 quae·

283 1241 451 1322 stionihuS,
485 1262 562 1324 qnos
587 1239 627 1304 de
651 1249 720 1303 arte
745 1249 912 1327 poetarum
938 1241 1099 1306 institutas
1123 1241 1282 1323 videmus,
1314 1216 1389 1304 non¹

282 1374 356 1415 rara
377 1361 452 1414 sunt
473 1349 630 1432 nobisque
651 1358 823 1430 testantur,
846 1348 877 1412 id
903 1350 988 1434 quod
1003 1372 1066 1414 non
1086 1352 1207 1416 nullius
1222 1349 1377 1414 momenti

283 1470 332 1524 est
357 1458 397 1522 ad
421 1456 639 1522 definiendam
664 1459 866 1543 singulorum
891 1460 1090 1525 scholiorum
1108 1470 1258 1543 aetatem,
1280 1482 1376 1548 quam

282 1570 418 1635 multum
441 1569 495 1631 vel
518 1566 604 1654 apud
626 1567 827 1632 recentiores
852 1565 1081 1652 grammaticos
1096 1568 1324 1655 Aristophanis
1343 1570 1376 1635 in

282 1681 400 1745 haere
424 1679 611 1764 exemplum
636 1677 783 1743 valuerit.
827 1677 1044 1759 scholiastarn,
1071 1679 1125 1763 qui
1150 1679 1212 1743 hoc
1238 1678 1379 1743 locode-

283 1790 422 1856 senseris
443 1800 551 1874 partes
569 1790 762 1876 susciperet,
784 1791 883 1874 longo
907 1788 1063 1874 temporis
1084 1788 1187 1874 spatio
1200 1811 1218 1851 a
1231 1787 1377 1873 Didymo

281 1900 463 1964 seiunctum
486 1899 584 1965 fuisse
608 1921 650 1964 ex
675 1900 756 1965 miro
783 1900 873 1964 vocis
897 1892 1037 1976 παλαιός
1067 1921 1127 1962 usu
1160 1898 1273 1981 colligi
1303 1907 1374 1984 pot-

283 2019 351 2090 est,
382 2029 479 2093 quam
514 2008 569 2072 ille
600 2008 639 2072 ad
663 2010 895 2096 opponendum
920 2006 1118 2093 Sophoclem
1143 2006 1377 2071 recentioribus

282 2118 386 2206 poetis
408 2126 552 2205 usurpat,
586 2116 649 2200 hic,
683 2127 718 2180 ut
750 2141 768 2182 a
799 2125 897 2204 poeta
922 2116 985 2179 iam
1008 2125 1168 2180 vetustate
1192 2114 1376 2180 reverendo

283 2227 437 2313 religiose
461 2247 589 2291 omnem
614 2236 722 2291 arceat
745 2226 947 2290 calumniam.
1000 2235 1033 2290 et
1058 2225 1092 2289 in
1120 2225 1238 2289 haere
1263 2234 1375 2288 notatu

283 2335 419 2421 dignum
443 2345 503 2418 est,
532 2334 779 2420 grammaticum
804 2334 908 2415 illum,
940 2357 1035 2420 quem
1067 2355 1126 2421 per
1150 2354 1203 2396 me
1228 2333 1305 2398 licet
1335 2333 1376 2397 ad

282 2454 432 2529 quartum
456 2444 645 2529 quintumve
668 2467 699 2530 p.
724 2443 801 2509 Chr.
825 2469 856 2508 n.
882 2445 1046 2508 saeculum
1072 2442 1237 2519 detrudas,
1262 2441 1376 2506 iisdem

281 2553 483 2638 argumentis
505 2553 651 2617 refutare
672 2553 865 2637 Didymum,
900 2575 983 2638 quae
1004 2553 1043 2618 ab
1067 2553 1286 2637 Aristophane
1310 2551 1374 2639 pri·

281 2685 368 2727 mum
392 2661 537 2726 adhibita
566 2684 625 2749 per
652 2661 757 2748 ipsum
785 2662 967 2746 Didymum
991 2661 1021 2726 ei
1045 2661 1255 2726 innotuerint.
1303 2683 1376 2724 nam

279 2772 345 2836 illis
376 2772 500 2854 μᾶλλον
528 2771 684 2857 ἐκπλῆξαι
712 2767 914 2854 βουλόμενος
945 2772 1121 2837 admodum
1150 2771 1268 2836 similia
1292 2780 1377 2854 sunt,

282 2883 419 2968 quaein
451 2891 645 2965 argumento
673 2882 932 2966 Agamemnonis
965 2882 1119 2965 leguntur
1147 2875 1192 2958 ὠς
1223 2876 1378 2966 ἔκπληξιν

281 2987 356 3073 ἔχον
375 2991 429 3056 καὶ
451 2982 561 3057 οἶκτον
581 2985 691 3056 ἱκανόν
714 3000 746 3055 et
768 2991 802 3054 in
824 2991 925 3056 schol.
952 2991 1041 3055 Aiae.
1066 2989 1128 3055 346
1151 2987 1198 3068 εἰς
1223 2986 1377 3075 ἔκπληξιν

280 3099 373 3186 φέρει
392 3099 446 3164 καὶ
466 3104 567 3165 ταῦτα
588 3097 646 3166 τὸν
667 3097 802 3188 θεατήν.

379 3206 561 3273 Audiamus
577 3210 784 3274 defensorem
807 3210 840 3273 in
861 3210 964 3275 altera
984 3233 1090 3274 causa.
1116 3209 1148 3273 in
1164 3206 1295 3273 scholiis
1311 3207 1374 3272 Eu·

279 3314 414 3404 ripideis
435 3318 613 3383 nonnullae
634 3318 846 3383 inveniuntur
866 3318 1119 3402 observationes,
1145 3318 1260 3402 quihus
1276 3327 1373 3405 poeta

280 3427 429 3512 arguitur
450 3436 595 3515 tempora
625 3428 813 3493 confudisse
843 3428 975 3512 suisque
1002 3428 1155 3493 dramatis
1184 3425 1372 3508 inseruisse,

281 3559 363 3625 quae
385 3535 427 3600 ad
451 3558 528 3601 suae
550 3535 651 3622 ipsius
674 3536 788 3599 aetatis
810 3557 862 3601 res
885 3558 1083 3622 personasve
1105 3544 1302 3623 spectarent.
1342 3534 1375 3598 in

279 3645 329 3710 his
353 3645 439 3709 netis
467 3654 668 3709 constantem
694 3668 727 3710 se
751 3669 919 3712 censorem
944 3659 1087 3734 praestat
1108 3647 1283 3734 Didymus,
1320 3648 1374 3732 qni

281 3776 376 3839 quam
390 3754 485 3819 a'rctis
496 3753 615 3818 finibus
633 3775 671 3818 ea
686 3777 767 3841 quae
780 3756 969 3842 tragoediae
982 3758 1114 3845 propria
1126 3768 1234 3822 essent
1248 3768 1281 3822 et
1292 3779 1373 3842 quae

279 3865 466 3930 comoediae
503 3866 814 3952 circumscripsisset
838 3867 962 3932 scholio
989 3866 1140 3931 Electrae
1161 3866 1253 3931 initio
1278 3866 1374 3932 huius

279 3973 394 4062 capitis
418 3975 642 4058 eognovimus.
666 3976 875 4062 persequitur
898 3976 930 4040 in
953 3976 1072 4040 haere
1095 3976 1260 4061 Didymus
1288 3976 1372 4041 viam

279 4083 388 4148 multis
409 4093 538 4148 nostrae
562 4085 677 4149 aetatis
701 4085 820 4150 criticis
841 4108 975 4172 prorsus
1008 4085 1213 4166 contrariam,
1250 4087 1372 4173 quippe

280 4191 333 4274 qui
358 4191 427 4256 iure
444 4193 619 4272 interdum,
640 4193 836 4279 plerumque
852 4193 922 4259 sine
933 4193 1059 4258 idoneis
1074 4195 1177 4260 causis
1190 4194 1373 4280 tragoedias

279 4322 344 4363 non
371 4301 465 4366 aliter
485 4325 522 4366 ac
552 4303 737 4368 comoedias
769 4302 810 4365 ad
835 4303 964 4368 illorum
989 4314 1171 4391 temporum
1197 4304 1374 4382 historiam,
