3000 5176
707 310 749 373 32

185 503 254 559 tum
280 486 495 579 ὑπομνήματα
519 491 790 576 Aristotelis,
821 493 874 577 qui
906 501 1037 581 praeter
1060 494 1221 562 Glaucum
1252 505 1285 560 et

189 603 427 670 Dicaearchum
450 624 491 666 ex
514 602 562 684 iis,
587 602 642 688 qui
663 612 739 668 aute
750 604 1004 692 Aristophanem
1018 608 1184 693 vixerunt,
1202 630 1287 674 unus

187 723 395 797 memoratur,
427 713 459 777 in
484 711 715 798 Aristophanis
737 726 932 797 argumenta
954 714 1080 780 edenda
1109 719 1283 801 valuerint,

186 825 283 890 hodie
313 824 381 889 erni
413 846 478 888 nou
500 833 617 908 potest.
663 823 915 890 Selrneidcuino
940 825 1139 893 Aristoteles
1171 837 1203 890 et
1228 830 1281 914 qui

188 944 281 999 eran-t
302 936 342 998 ab
368 955 405 997 eo
427 933 460 997 in
482 931 688 996 didascalicis
715 933 945 999 contrahendis
970 933 1122 1000 videntur
1152 936 1281 1020 acquie-

184 1043 279 1108 visse.
327 1041 360 1105 id
392 1051 505 1106 contra
534 1050 566 1104 et
601 1062 661 1127 per
690 1062 726 1104 se
754 1042 994 1128 expectandum
1029 1055 1099 1108 crat
1130 1054 1163 1108 et
1185 1044 1283 1109 variis

185 1151 347 1239 exemplis
381 1152 558 1238 probatur,
591 1149 822 1236 Aristophanis
855 1151 1100 1216 observationes
1134 1151 1174 1216 de
1211 1163 1281 1217 arte

183 1259 307 1346 tragica
332 1262 433 1324 laetas
456 1259 543 1323 haud
565 1281 639 1322 raro
662 1258 695 1322 iu
720 1281 819 1322 aruum
841 1259 1017 1324 convenire
1030 1283 1103 1325 curn
1126 1260 1175 1341 iis,
1200 1283 1281 1347 quae

185 1368 226 1432 de
246 1369 402 1432 universa
424 1378 492 1430 erte
515 1367 645 1454 poetica
668 1367 702 1430 in
728 1366 811 1431 libro
836 1367 1011 1452 superstite
1033 1367 1191 1456 praecipit
1202 1368 1283 1471 Ari-

184 1479 327 1544 stoteles.
351 1502 425 1542 nam
451 1486 487 1540 ut
509 1477 604 1541 huius
628 1485 802 1564 praecepta
823 1475 967 1540 derivata
988 1489 1061 1541 suut
1085 1499 1127 1542 ex
1151 1479 1280 1566 amplis-

183 1588 265 1652 simo
288 1587 431 1673 ipsarum
465 1585 709 1670 tragoediarum
740 1584 944 1649 studiosum
976 1587 1220 1669 quaestionibus
1241 1588 1281 1652 de

185 1697 348 1761 universis
372 1697 450 1761 artis
475 1695 604 1781 legibus
629 1695 814 1777 coniuncto,
841 1693 885 1757 ita
904 1693 931 1760 is
955 1695 986 1758 in
1009 1695 1147 1778 siugulis
1171 1697 1279 1781 singu·

183 1808 288 1871 larum
311 1805 494 1871 fabularum
525 1805 605 1870 locis
640 1827 733 1868 usum
758 1815 790 1868 et
817 1805 1085 1869 cousuetudinem
1110 1815 1281 1892 poetarum

184 1915 308 1980 notavit
331 1936 508 1999 eorumque
544 1913 584 1977 de
605 1925 673 1978 arte
696 1913 852 1978 iudicium
873 1915 956 1977 tulit.
1009 1937 1110 2000 quare
1133 1938 1214 2000 quae
1238 1938 1280 1981 ex

187 2023 380 2088 Aristotelis
403 2023 487 2088 libro
509 2023 647 2087 adscisci
670 2032 806 2109 possunt
823 2021 862 2086 ad
876 2024 1069 2110 explicanda
1082 2026 1205 2090 scholia
1228 2027 1282 2090 vel

182 2143 376 2218 argumenta
398 2134 500 2216 utilia,
524 2157 590 2205 suo
605 2155 755 2219 quaeque
778 2135 849 2199 loeo
875 2135 1014 2199 enotavi.

284 2243 395 2309 Ceteri
431 2243 584 2306 similium
615 2266 725 2308 rerum
762 2244 936 2332 scriptores
958 2243 1059 2308 veluti
1084 2243 1278 2310 Heraclides

184 2352 349 2435 Ponticus,
374 2374 471 2438 quem
494 2351 660 2441 Euripidis
683 2348 844 2440 κεφάλαια
873 2353 1106 2441 conscripsisse
1128 2356 1209 2421 scita
1230 2365 1279 2420 est

183 2460 296 2525 Adolfi
334 2454 620 2547 Trendelenbnrgi
661 2461 849 2526 coniectura
888 2485 988 2546 eaque
1022 2463 1277 2528 Schneidewino

182 2570 335 2656 probata,
359 2569 605 2656 Theophrastus
632 2569 846 2655 Asclepiades
870 2570 1085 2656 Tragilensis,
1115 2573 1279 2660 Hierony-

182 2701 253 2743 mus
278 2678 435 2762 Rhodius,
458 2676 688 2762 Callimachus,
714 2701 849 2763 quorum
881 2681 1066 2764 fragmenta
1096 2682 1276 2747 Muellerus

181 2785 351 2852 Nauckius
381 2786 659 2856 Schneidewinus
689 2787 743 2850 alii
767 2789 985 2874 collegerunt,
1017 2791 1050 2855 in
1077 2789 1279 2876 argumentis

181 2924 245 2965 nou
271 2901 488 2991 nominantur,
510 2922 608 2984 qnare
629 2899 706 2984 quid
721 2900 759 2963 iis
773 2900 924 2965 debuerit
934 2900 1172 2988 Aristophanes
1186 2911 1276 2964 certo

180 3011 306 3076 ostendi
328 3011 442 3096 nequit
453 3015 488 3076 ³⁰.

230 3227 317 3234 ·--—
340 3228 380 3233 ..0⁴

288 3367 323 3418 39
342 3364 384 3418 De
406 3365 536 3432 Salustio,
564 3367 609 3421 eui
627 3367 655 3419 in
674 3368 753 3420 libris
782 3367 946 3421 tribuuntur
964 3368 1163 3435 argumentum
1182 3382 1279 3418 secun·

179 3461 246 3513 dum
266 3462 430 3530 Antigonae
451 3466 480 3514 et
498 3468 627 3530 quartum
646 3462 746 3531 Oedipi
766 3462 878 3515 Colonei
897 3468 925 3515 et
944 3462 1001 3529 qui,
1019 3466 1051 3515 ut
1068 3477 1170 3515 neuton
1188 3461 1279 3524 docet,

178 3557 322 3610 Romanus
342 3561 385 3610 est
404 3558 492 3611 multo
512 3557 654 3611 inferioris
675 3557 860 3626 Aristophane
887 3557 994 3618 aetatis,
1018 3574 1074 3610 nou
1094 3559 1146 3620 est,
1168 3574 1218 3610 our
1238 3573 1280 3609 re·

180 3659 282 3724 pretam,
301 3673 370 3724 quae
389 3655 614 3709 Schneidewinus
634 3662 663 3711 et
681 3655 844 3708 Dindorfius
862 3660 1036 3709 monuerunt.
1081 3655 1110 3708 id
1130 3672 1214 3708 unum
1233 3654 1281 3708 ad·

100 3823 103 3828 ³
184 3752 256 3816 dam,
278 3756 443 3821 argumenta
459 3751 506 3804 illa
523 3752 597 3804 inter
616 3768 645 3805 se
664 3753 765 3804 mirum
784 3753 813 3804 in
830 3752 945 3804 modum
963 3751 1108 3806 dissimilia
1127 3768 1195 3806 esse.
1214 3768 1280 3804 uam

180 3865 243 3900 oum
262 3848 290 3899 in
318 3852 484 3917 argumento
505 3847 672 3917 Antigonae,
694 3847 768 3916 qued
791 3866 824 3900 ex
847 3847 969 3916 optimae
988 3846 1132 3902 doetrinae
1153 3847 1278 3901 fontibus

179 3945 305 3998 hausisse
325 3944 479 3997 Salustium
498 3943 587 4009 decet,
608 3945 679 3997 varii
698 3945 745 4013 qui
763 3945 837 4013 apud
852 3946 948 3998 Ionem
966 3945 1161 3998 Mimnermum
1181 3949 1279 4013 poetas

179 4041 303 4110 tragicos
323 4042 451 4094 feruntur
479 4041 567 4109 mythi
590 4042 624 4094 de
652 4042 793 4110 Antigona
813 4047 842 4096 et
869 4042 979 4095 Ismeua
996 4043 1078 4095 docte
1098 4044 1278 4110 exponuntur

180 4137 359 4205 breviterque
386 4136 497 4190 fabulae
524 4136 694 4205 Sophocleae
713 4132 847 4207 usmaitans
874 4137 1112 4206 perstringuntur,
1131 4151 1278 4206 argumen-

179 4237 238 4286 tum
261 4232 360 4302 Oedipi
386 4232 456 4285 nihil
483 4233 608 4287 eontinet
639 4235 692 4286 nisi
719 4234 838 4302 amplam
868 4234 975 4303 primae
1000 4232 1134 4286 dramatis
1162 4249 1277 4286 scaenae

179 4330 394 4394 enarrationem,
424 4332 469 4384 cui
493 4331 586 4384 neseio
614 4349 668 4399 quo
688 4332 888 4384 sententiarum
916 4349 988 4384 nexu
1007 4330 1142 4384 iudicium
1160 4329 1274 4383 additur
1319 4346 1323 4354 ·
