3000 5176
649 309 708 375 119

1078 493 1196 520 ηίὶί

218 499 288 567 OT.
311 501 373 566 939
395 496 550 585 τύραννον
572 493 671 566 αὑτόν
698 496 730 566 οῖ
753 495 931 585 ’πιχιύριοιι
956 508 1112 579 πιθανως
1131 525 1159 570 οΙ
1174 525 1231 586 αγ-

130 614 223 701 γελος
250 610 292 681 τά
319 610 398 701 ἡδέα
428 617 564 698 πρῶτον
592 605 794 700 ἀπαγγέλλει,
811 613 906 697 ,πρὶν
939 611 1047 681 εἰπεῖν
1079 609 1120 678 τά
1152 614 1230 700 περὶ

132 721 290 792 θανάτου.
538 711 541 716 ’

214 835 257 900 ib.
277 835 338 902 958
365 827 493 922 ἠθικοῖς
522 831 663 923 φησίνό
693 825 834 922 άγγελος,
859 830 905 913 ιὺς
927 826 986 900 οὑκ
1013 826 1081 900 άπό
1104 830 1230 900 τούτων

130 944 241 1011 θέλων
262 935 436 1028 άρξασθαι,
458 937 526 1009 ἄλλ’
549 936 617 1010 άπό
641 948 707 1011 τοῖν
730 943 844 1031 ἡδίων.
1243 965 1259 1018 5

215 1053 349 1141 Hippol.
374 1054 435 1118 215
454 1091 490 1101 -
509 1042 628 1137 άριστα
649 1052 685 1119 δέ
706 1056 753 1139 τηῖ
774 1053 973 1137 λεπτομερεῖ
994 1056 1052 1139 τῆς
1075 1048 1230 1140 φράσεως

129 1167 276 1246 μιμεῖται
297 1157 336 1228 τό
356 1166 423 1226 τῶν
445 1157 595 1246 ἐρώντων
628 1149 728 1249 ἦθος,
760 1157 814 1228 ὅτε
846 1160 938 1240 τινός
959 1161 1097 1246 ἐρῶντες
1118 1161 1230 1246 τέχνης
1276 1144 1279 1149 ’

128 1271 240 1360 <τέχνη
263 1271 379 1358 οοδδ.>
400 1267 658 1359 ὑπογράφουσιν,
693 1267 816 1355 οἵσπερ.
836 1267 1015 1359 ζωγράφοι,
1044 1275 1084 1361 τῇ
1109 1273 1230 1337 λεπτο-

130 1382 223 1469 λογίφ
247 1381 369 1466 ἐκείνην
400 1377 459 1467 τὴν
487 1380 681 1466 τέχνηνκαί
701 1377 742 1445 τά
765 1372 866 1467 αὑτῆς
886 1370 1016 1466 όργανα,
1038 1381 1091 1446 καί
1114 1375 1228 1465 ιόσπερ

130 1487 177 1568 εἷς
207 1489 364 1571 ἐπίδειξιν
395 1482 496 1576 αὑτῆς
525 1485 703 1574 ἐρχόμενοι,
736 1489 924 1574 ἐρεθίζουσι
955 1493 1002 1576 τῷ
1030 1490 1230 1575 λεπτομερεῖ
1244 1506 1277 1558 10

128 1601 187 1684 τῆς
206 1594 362 1686 φράσειας
382 1598 440 1664 τόν
463 1596 579 1683 ἔρωτα.
622 1593 771 1665 καθόλου
786 1597 822 1665 δέ
842 1602 941 1664 τοῦτο
965 1598 1021 1665 ἐπὶ
1042 1604 1109 1665 τοῖν
1129 1593 1229 1683 ἐριόν-

129 1733 195 1772 των
217 1707 396 1791 συμβαίνει.

211 1815 254 1882 ib.
279 1817 338 1882 199
363 1811 507 1904 ἐφύλαξε
535 1812 573 1882 τό
587 1811 874 1887 ,τοῖννοσοόντων
907 1803 995 1903 ἦθος
1016 1811 1122 1902 πάντη
1144 1816 1229 1900 πρός

128 1919 187 2012 την
210 1929 269 1990 τοῦ
292 1920 445 2010 σώματος
465 1926 658 2012 κηδεμονίαν
679 1925 937 2011 καταγινομένων
951 1920 1229 2012 (καταγινόμενον

129 2035 255 2122 οοδδ.>,
275 2038 448 2121 μονονουχὶ
470 2031 572 2124 αύτην
592 2032 669 2123 ἡμῖν
690 2032 878 2124 ὑποστήσας
897 2032 955 2124 την
980 2036 1125 2122 Φαίδραν
1144 2060 1229 2121 προ·
1243 2047 1277 2099 15

129 2145 345 2232 κομιζομένην
368 2147 421 2212 καί
443 2153 514 2225 τοῖς
535 2141 644 2232 λόγοις
666 2147 719 2212 καί
740 2149 812 2223 τοῖς
833 2142 1001 2233 σχήμασιν.

165 2241 168 2247 ’
214 2254 257 2320 ib.
271 2254 333 2320 208
347 2290 386 2300 -
400 2259 501 2320 ταῦτα
522 2256 558 2321 δέ
580 2252 709 2337 ἔξωθεν
726 2248 959 2341 ἐσχημάτισται
982 2249 1068 2340 πρός
1088 2247 1126 2319 τό
1144 2239 1228 2338 ἦδος

130 2365 196 2427 ταῖν
219 2359 411 2429 νοσούντων.

209 2473 338 2563 ,Ρόοεα
359 2472 422 2538 416
440 2476 560 2559 μῆτερ
593 2468 748 2557 πάρειμι;
783 2467 938 2539 κάλλιστα
969 2470 1151 2557 πεποίηται
1180 2472 1228 2554 τηῖ

129 2585 269 2668 τραγικῷ
289 2576 328 2647 τό
349 2576 535 2667 πρόσωπον
555 2573 630 2647 οἷον
654 2583 706 2648 δεῖ
729 2574 812 2647 εἶναι
834 2572 950 2648 άδικον
982 2572 1099 2665 άνδρα·
1132 2573 1228 2665 γινιό-
1241 2599 1276 2650 20

129 2711 217 2753 σκιον
237 2687 297 2775 γάρ
318 2685 364 2768 ιὺς
387 2682 480 2756 οόδέν
502 2691 627 2756 δίκαιον
651 2687 717 2772 ἔχει
737 2690 840 2776 λε’γειν
869 2687 985 2776 ἐπάγει
1016 2688 1076 2776 την
1111 2687 1228 2773 κρίσιν,

128 2794 187 2863 τόν
218 2797 253 2864 ἐκ
285 2802 345 2885 τῆς
375 2800 592 2885 δικαιολογίας
623 2796 705 2865 κατά
739 2796 862 2866 λεπτόν
892 2796 1061 2885 γινόμενον
1095 2795 1227 2883 ἔλεγχον

129 2901 268 2994 φεύγων.
1218 2903 1219 2906 '

181 3253 182 3256 Ἴ
219 3185 236 3234 2
255 3200 289 3236 ex
309 3183 408 3238 eodem
427 3184 588 3237 nuntiorum
608 3201 685 3238 more
711 3184 785 3253 apud
802 3182 968 3254 Euripidem
987 3181 1100 3236 Orestes
1117 3183 1160 3236 El.
1175 3184 1227 3236 230

336 3281 374 3352 ζη.
394 3281 488 3350 πρῶτα
507 3274 559 3350 γάρ
579 3298 624 3333 σοι
641 3273 740 3350 τάγάθ’
759 3277 902 3349 ἀγγέλλειν
919 3281 1002 3332 θέλω.

203 3378 235 3426 10
254 3379 280 3428 οί
302 3380 340 3434 είς
357 3377 489 3436 ἐπίδειξιν
511 3372 657 3448 ἐρχόμενοι.
677 3376 756 3430 eodd.
776 3375 925 3429 articulum
944 3370 1048 3428 delevit
1060 3374 1208 3428 Vsenerus.

203 3475 233 3525 ll
255 3473 357 3542 ἐρῶντα
376 3472 450 3526 libri.
469 3489 565 3526 veram
583 3474 753 3542 scripturam
775 3473 887 3526 restitui
905 3471 1043 3526 exaltem
1063 3470 1169 3525 scholio
1185 3471 1227 3524 illi
1303 3537 1305 3541 ι

128 3569 239 3638 gemino
253 3569 289 3623 ad
299 3572 387 3623 v.219
408 3562 497 3639 ι’ίκρως
512 3570 542 3622 δὲ
561 3567 591 3622 τὸ
611 3566 740 3640 ἐρωτικόν
758 3562 827 3636 ἦθος
844 3563 1003 3640 ἀπεμάξατο
1021 3568 1052 3641 τῇ
1064 3570 1229 3639 λεπτομερεῖ

128 3666 174 3732 τῆς
193 3659 354 3736 ἰκφράσεως
371 3669 524 3735 περιεργίᾳ·
544 3669 582 3723 είς
602 3659 760 3735 ὑπόμνησιν
780 3661 833 3734 γάρ
853 3658 999 3735 ἐρχόμενοι
1018 3665 1073 3718 τοῖν
1091 3664 1226 3735 ἐνθυμου-

128 3766 230 3833 μένων,
250 3766 296 3814 καὶ
313 3765 465 3832 μονονουχὶ
484 3761 689 3832 ζωγραφοῦντες
706 3756 772 3814 αὑτά
792 3767 848 3820 τοῖς
868 3754 967 3829 λόγοις,
992 3761 1031 3813 ἐτι
1052 3761 1159 3833 μᾶλλον
1178 3758 1227 3826 τὴν

128 3863 281 3932 ἐπιθυμίαν
302 3864 471 3932 ἔξεγείρουσι.
510 3861 665 3914 notandum
683 3877 846 3930 perversum
865 3857 997 3928 plagiarii
1015 3857 1147 3920 studium,
1171 3874 1225 3925 quo

128 3960 275 4028 proprium
293 3959 432 4027 quendem
450 3957 685 4012 animadversioni
712 3973 777 4010 suae
800 3957 923 4010 colorem
942 3953 1072 4008 infundet
1091 3953 1225 4007 adhibitis

129 4055 232 4124 ubique
250 4056 422 4124 synonymis:
448 4049 544 4126 ι’ίριστα
567 4084 595 4092 -
617 4048 713 4123 άκρως,
740 4054 776 4122 τῷ
795 4055 959 4123 λεπτομερεῖ
975 4053 1022 4117 τῆς
1042 4045 1172 4123 φράσεως
1192 4080 1224 4088 -

128 4152 158 4224 τῇ
177 4153 341 4222 λεπτομερεῖ
363 4153 409 4217 τῆς
430 4145 591 4223 ἐκφράσεως
618 4155 768 4220 περιεργίᾳ,
794 4155 920 4220 μιμεῖται
941 4176 974 4186 -
1001 4141 1168 4218 ἀπεμάξατο,
1194 4145 1225 4201 τὸ

128 4249 182 4301 τῶν
200 4243 324 4316 ἐρώντων
342 4240 410 4314 ἦθος
422 4245 497 4301 -τὸ
517 4246 647 4318 ἐρωτικὸν
665 4238 741 4313 ἦθος,
762 4251 800 4304 εἰς
816 4246 989 4305 ἐπίδειξιν-
1003 4249 1040 4303 είς
1057 4238 1224 4314 ὑπόμνησιν,

128 4346 278 4416 ἐρεθίζουσι
299 4373 332 4382 -
367 4345 525 4412 ξεγείρουσι,
545 4360 631 4412 quare
647 4343 733 4413 ἔρωτα
756 4372 787 4383 -
806 4343 967 4412 ἐπιθυμίαν.
