3000 5176
638 311 678 375 31

110 493 235 558 nullam
249 491 347 557 habet
365 491 505 576 cogendi
526 492 602 575 vim,
628 514 712 575 cum,
735 489 860 556 etiamsi
882 486 999 555 desunt
1014 490 1209 556 didascalica

110 602 145 668 in
162 609 274 667 nostro
287 601 518 690 Aristophanis
532 609 725 684 argumento
743 599 857 665 mutilo
872 607 905 664 et
916 599 1097 683 decurtato,
1122 609 1212 664 certe

112 711 146 775 in
171 710 317 794 genuino
338 710 395 775 illo
419 731 486 774 non
507 707 684 773 defuerint.
737 709 963 796 impugnatum
989 730 1059 772 esse
1083 718 1116 772 et
1138 708 1210 773 aliis

109 819 144 884 in
163 821 263 885 rebus
280 818 523 886 Dicaearchum
555 819 595 882 ab
625 817 850 904 Aristophane
881 838 922 880 ex
946 818 1113 881 Athenaei
1135 817 1209 882 loco

108 929 165 994 ΙΙΙ
185 953 216 1018 p.
229 928 309 995 85F
323 938 463 996 constat:
488 922 505 992 ό
529 927 565 993 δὲ
587 919 825 1015 Ἀριστοφάνης
844 922 965 1012 γράψει
988 917 1060 991 άντί
1079 929 1138 991 τοῦ
1160 912 1208 991 λε(

110 1063 176 1116 πας
195 1037 298 1121 χέλυς,
319 1037 374 1103 καί
395 1060 495 1126 φησιν
516 1028 575 1103 οόκ
598 1023 634 1102 εό
656 1035 852 1121 Δικαίαρχον
875 1029 1086 1118 ἐκδεξάμενον
1108 1034 1211 1120 λέγειν

108 1143 168 1226 τάς
187 1141 341 1225 λεπάδας.
395 1169 476 1233 quac
507 1147 646 1212 εἰκασία
672 1155 746 1212 sunt
766 1145 930 1231 disputata
959 1145 993 1210 in
1014 1156 1209 1231 argumento

110 1256 318 1325 Rhesihaec
342 1267 416 1321 sunt
440 1255 584 1321 derivata
616 1277 658 1320 ex
682 1255 921 1341 Aristophane:
951 1253 984 1319 ἒν
1005 1253 1117 1337 μέντοι
1138 1259 1211 1332 ταῖς

110 1365 333 1444 διδασκαλίαις
352 1360 397 1443 τίς
407 1360 537 1452 γνήσιον
551 1356 797 1450 άναγίγραπται,
808 1363 862 1429 καὶ
882 1357 993 1448 ἡπερλ
1012 1359 1053 1427 τά
1065 1359 1212 1448 μετάρ-

109 1498 182 1542 σια
204 1475 240 1544 δὲ
262 1474 295 1542 ἐν
319 1467 407 1561 adrui
439 1468 739 1561 πολυπραγμοσύνη
759 1468 817 1537 τόν
838 1464 1018 1558 Εὐριπίδην
1048 1467 1211 1558 ὁμολογεῖ.

112 1586 305 1671 quibuscum
328 1587 514 1651 conferatur
537 1584 686 1649 scholion
709 1582 861 1650 Arctoa
893 1578 956 1667 ἐγώ
982 1582 1036 1647 καὶ
1057 1579 1110 1648 διά
1130 1578 1213 1667 μού-

107 1718 187 1773 σαςε
238 1687 256 1759 ὁ
285 1689 425 1780 ποιητὴς
458 1687 512 1760 διά
542 1695 601 1758 τοῦ
624 1687 811 1776 προσώπου
833 1693 893 1755 τοῦ
930 1694 1031 1776 χοροῦ
1059 1686 1211 1774 βούλεται

107 1804 212 1886 δεῖξαι
231 1798 310 1870 ὅσον
321 1800 457 1886 μετέσχε
478 1805 537 1889 τῆς
557 1796 780 1878 παιδεύσεως·
813 1800 867 1864 καί
889 1800 967 1885 περὶ
988 1795 1212 1885 μετεώρων

108 1907 294 2001 ἐφρόντισα,
328 1901 401 1977 οἷον
430 1903 664 1997 ἧστρολόγησα,
697 1909 750 1975 καί
772 1905 875 1997 ὁρμὴν
898 1909 955 1975 ἐπί
975 1905 1082 1996 τούτῳ
1106 1907 1211 1992 ἔσχον.

109 2033 255 2088 ceterum
276 2022 315 2104 is,
351 2020 403 2085 cui
433 2019 614 2086 secundum
648 2019 804 2085 debemus
837 2019 940 2084 Rhesi
972 2030 1212 2104 argumentum,

111 2152 177 2194 non
198 2130 382 2196 censendus
404 2141 454 2195 cst
479 2129 550 2218 ipso
566 2131 762 2195 Dicaearchi
781 2132 866 2197 libro
891 2156 968 2197 usus
993 2153 1081 2212 essc;
1104 2133 1211 2218 potuit

71 2320 75 2336 ⁶
109 2238 150 2304 dc
173 2239 269 2304 huius
292 2239 456 2305 sententia
472 2239 593 2304 certior
615 2240 685 2305 fieri
707 2261 750 2304 ex
766 2240 998 2326 Aristophane,
1022 2262 1118 2328 quom
1141 2263 1209 2305 non

115 2349 212 2414 modo
248 2349 485 2415 contradixisse
518 2347 732 2431 Dicaearcho,
765 2349 823 2414 sed
848 2370 929 2434 quae
961 2371 1040 2413 vera
1063 2359 1095 2415 ct
1116 2349 1209 2414 utilia

111 2460 297 2546 praeberet,
326 2460 359 2523 in
397 2484 454 2525 sua
489 2470 683 2547 argumenta
711 2460 879 2548 recepisse
902 2481 942 2524 ex
967 2458 1211 2524 hacRanarum
1305 2523 1310 2533 ,

111 2567 290 2656 hypothesi
313 2569 499 2635 luculenter
534 2566 613 2633 mihi
636 2569 767 2634 videtur
790 2590 947 2657 apparere
979 2569 1023 2655 (p.
1039 2567 1211 2652 273‚9Di-

112 2676 193 2760 dot.)
216 2673 255 2744 τό
278 2676 314 2744 δὲ
329 2679 436 2764 δρᾶμα
457 2682 524 2744 τῶν
535 2665 573 2744 εὖ
594 2673 681 2743 πάνυ
696 2679 749 2743 καὶ
768 2674 953 2766 φιλολόγοις
968 2678 1211 2765 πεποιημένων.

111 2782 267 2873 ἐδιδάχθη
290 2785 502 2855 ε’πίΚαλλίου
525 2792 585 2854 τοῦ
606 2787 688 2873 μετά
710 2781 872 2875 Ἀντιγένη
886 2784 939 2854 διά
954 2787 1137 2854 Φιλωνίδου
1165 2785 1213 2867 είς

110 2890 250 2982 Λήναια.
293 2899 428 2979 πρῶτος
449 2883 504 2983 ἦν·
547 2890 701 2981 δεότερος
725 2890 890 2979 Φρόνυχος
915 2890 1086 2974 Μούσαις·
1122 2890 1209 2960 Πλά·

110 3028 177 3070 των
199 3005 310 3090 τρίτος
331 3005 538 3092 Κλεοφῶντι.
573 2999 659 3070 οὕτω
683 3003 719 3070 δὲ
749 2999 951 3091 ἐθαυμάσθη
970 3000 1009 3071 τό
1032 3005 1137 3090 δρᾶμα
1159 2999 1212 3069 διὰ

110 3108 168 3200 την
190 3112 224 3179 ἐν
245 3104 334 3198 αὐτῷ
359 3107 554 3197 παράβασιν,
579 3108 665 3179 ὥστε
685 3113 739 3178 καὶ
754 3104 963 3199 άνεδιδάχθη,
986 3109 1030 3192 ιός
1051 3137 1133 3202 φησι
1155 3119 1213 3179 Λι-

111 3223 277 3307 καίαρχος.
320 3223 401 3287 hacc
426 3224 670 3311 Aristophaneo
692 3246 763 3288 osso
785 3222 819 3286 in
848 3224 1021 3311 propatulo
1046 3235 1104 3290 cst.
1146 3225 1214 3290 for-

111 3340 198 3396 tasse
222 3353 264 3396 ex
289 3330 405 3397 eodem
418 3330 622 3398 Dicaearcho
646 3343 773 3419 snrnpta
796 3342 870 3397 sunt
894 3355 976 3418 quae
1000 3335 1156 3418 leguntur
1179 3334 1213 3398 in

108 3461 177 3524 arg.
201 3441 314 3526 Antig.
343 3440 427 3530 φασὶ
447 3441 483 3507 δὲ
504 3437 562 3506 τόν
593 3441 765 3530 Σοφοκλέα
789 3420 955 3528 η’ξιιόσθάι
976 3445 1036 3528 τῆς
1058 3442 1092 3508 ἐν
1112 3437 1212 3528 Σάμῳ

112 3548 314 3634 στρατηγίας,
336 3542 593 3638 εόδοκιμησαντα
615 3549 649 3616 ἐν
669 3554 709 3639 τῇ
728 3550 919 3638 διδασκαλίην
941 3555 999 3638 τῆς
1020 3543 1211 3637 Ἀντιγόνης.

215 3658 371 3724 Ceterum
393 3661 568 3727 admodum
592 3670 641 3726 est
665 3660 835 3747 probabile
858 3672 992 3748 practer
1016 3661 1209 3726 Dicaearchi

113 3777 307 3852 argumenta
331 3767 586 3857 Aristophanem
611 3769 707 3834 etiam
744 3769 864 3835 librum
888 3769 958 3834 eius
981 3769 1060 3854 περὶ
1079 3761 1213 3856 άγιόνων

112 3874 146 3940 ἰο
172 3899 267 3942 usum
299 3899 392 3942 suum
428 3878 638 3943 convertisse.
694 3877 793 3942 immo
829 3901 870 3943 cx
893 3879 1088 3945 Dicaearchi
1112 3903 1212 3967 opere

112 3984 191 4068 περὶ
221 3979 374 4063 Ἑλλάδος
410 3985 485 4068 βίου
519 4009 584 4050 non
616 3986 705 4050 nulla
731 3986 911 4071 profecisse
944 3997 1210 4072 argumentorum

113 4095 294 4183 scriptores
319 4105 457 4160 testatur
477 4117 547 4180 arg.
573 4095 708 4160 Med.I:
739 4089 778 4159 τό
810 4094 917 4179 δρᾶμα
939 4095 1031 4159 δοκεῖ
1051 4092 1213 4176 ὑποβαλέ-

113 4209 196 4270 σθαι
228 4200 318 4290 παρά
350 4199 542 4292 Νεόφρονος
569 4199 793 4287 διασκευάσας,
820 4197 866 4280 aig
886 4203 1081 4287 Δικαίαρχος
1112 4201 1146 4268 ἐν
1165 4207 1212 4289 τῷ

112 4314 192 4399 περὶ
211 4309 365 4391 Ἑλλάδος
383 4313 457 4397 βίου
478 4314 530 4379 καί
555 4306 781 4399 Ἀριστοτέλης
803 4312 835 4378 ἐν
858 4307 1077 4397 ὑπομνήμασι.
1112 4335 1210 4398 ‹ruan-
