3000 5176
747 321 788 385 9O

221 509 272 589 ξαι
293 504 508 592 βουλόμενος·
544 505 612 594 είκή
643 504 702 593 γὰρ
731 512 921 594 κατηγορεῖν
945 500 1062 591 σίνδρδς
1085 508 1227 572 παλαιοῦ
1253 496 1316 587 σύγ

220 612 313 684 δσιον
334 611 414 685 οὐδὲ
434 619 568 685 δίκαιον.

304 728 346 795 ib.
370 729 432 793 308
455 729 489 794 έν
509 729 537 794 δ’
559 728 700 813 έριπίοις
731 733 868 813 νεκριῦνε
905 728 938 794 έν
967 732 1039 806 τοῖς
1066 721 1222 810 πτώμασι
1250 729 1317 791 τῶν

221 841 342 922 νεκρῶν
362 836 557 905 καταπεσών
581 836 697 905 ἔκειτο.
741 841 943 921 θαυμαστῶς
963 837 999 904 δέ
1020 833 1075 902 ὑπ’
1108 827 1189 922 ίίφιν
1221 827 1316 922 ήγαγε

191 942 260 1011 5τδ
286 943 462 1032 πράγματα
490 945 613 1031 μεταξύ
643 952 709 1013 τῶν
739 943 929 1031 πτωμάτων
952 944 1010 1028 τήν
1037 945 1218 1036 φαντασίαν
1248 944 1316 1010 έπι·

220 1052 359 1139 δεικνύς,
380 1048 454 1123 οἷον
477 1057 531 1122 καὶ
552 1054 589 1121 τδ
612 1059 688 1142 παρ’
700 1053 826 1144 Ὁμήρῳ
840 1057 988 1139 περὶτοῦ
1003 1051 1224 1138 Κύκλωπος<ι
1236 1053 1317 1138 298)

217 1160 472 1250 (τανυσσάμενος
494 1162 549 1233 διδ
570 1159 701 1254 μήλωνῖ

304 1275 347 1340 ib.
369 1276 432 1340 346
454 1276 678 1360 προσβλέπειν
698 1277 724 1341 δ’
749 1273 871 1358 έξεστι;
908 1277 1050 1341 ἐνταῦθα
1079 1270 1260 1360 έκκύκλημύ
1286 1298 1318 1338 τι

221 1384 350 1469 γίνεται,
371 1385 424 1448 ἵνα
445 1387 530 1472 φανή
553 1385 587 1450 έν
608 1384 722 1468 μέσοις
747 1380 871 1463 δΑίας
892 1384 1069 1468 ποιμνίοις.
1093 1381 1140 1462 εἰς
1163 1380 1319 1468 ἔκπληξιν

177 1505 209 1554 10
221 1491 279 1578 γὰρ
302 1492 396 1581 φέρει
416 1494 471 1558 καὶ
491 1497 596 1558 ταῦτα
616 1490 673 1558 τδν
695 1489 831 1580 θεατήν,
853 1489 894 1557 τὰ
913 1492 947 1559 έν
966 1496 1005 1581 τῇ
1028 1483 1108 1576 ίίψει
1129 1489 1318 1576 περιπαθέ-

221 1627 329 1687 στερα.
370 1602 531 1669 δείκνυται
554 1601 590 1668 δέ
613 1598 750 1691 ξιφήρης
779 1598 991 1691 ήματωμένος
1010 1597 1130 1686 μεταξύ
1154 1603 1221 1665 τῶν
1244 1624 1318 1665 ποι-

220 1711 324 1794 μνίων
345 1707 545 1800 καθήμενος.

306 1821 399 1888 Eum.
423 1822 464 1886 64
487 1822 659 1910 ἐπιφανεὶς
678 1815 850 1885 Ἀπόλλων
870 1814 1089 1904 συμβουλεύει
1110 1812 1239 1907 Ὀρέστῃ
1263 1843 1319 1884 κα-

220 1930 373 1995 ταλιπεῖν
393 1929 453 2013 μέν
473 1925 511 1995 τδ
536 1936 698 2013 μαντεῖον,
724 1933 839 2017 φυγεῖν
858 1928 885 1994 δ’
909 1925 956 2006 εἰς
976 1920 1130 2015 Ἀθήνας.
1170 1926 1223 1993 καὶ
1246 1928 1319 1993 δει-

176 2047 208 2099 15
221 2038 298 2123 τέρα
320 2039 356 2105 δέ
373 2038 493 2125 γίνεται
515 2038 685 2127 φαντασία.
702 2038 887 2127 στραφέντα
899 2034 957 2124 γὰρ
973 2032 1187 2124 μηχανήματα
1203 2034 1320 2123 ἔνδηλα

222 2156 315 2215 ποιεῖ
336 2146 377 2214 τὰ
400 2148 482 2215 κατὰ
494 2146 530 2214 τδ
551 2153 705 2233 μαντεῖον
727 2144 772 2227 είς
787 2145 864 2229 ἔχει.
876 2147 941 2224 ικαὶ
953 2146 1072 2232 γίνεται
1086 2137 1166 2231 ίίψις
1177 2142 1318 2233 τραγική·

222 2254 260 2323 τδ
283 2258 342 2342 μέν
364 2258 460 2346 ξίφος
477 2255 660 2347 ᾑμαγμένον
684 2255 731 2324 ἔτι
754 2256 897 2339 κατέχων
919 2248 1074 2342 Ὀρέστης)
1099 2251 1131 2321 αί
1155 2255 1191 2323 δέ
1213 2251 1319 2341 κύκλῳ

222 2369 427 2456 φρουροῦσαι
446 2359 558 2434 αύτόν.

127 2204 134 2255 Ι

638 2598 906 2670 ΟΙΚΟΝΟΜΙΑ

177 2805 211 2854 20
310 2795 403 2862 Eum.
425 2797 464 2860 47
488 2795 638 2884 φαίνεται
660 2796 716 2862 έπὶ
737 2799 854 2882 σκηνής
876 2792 915 2862 τδ
939 2799 1102 2879 μαντεῖον.
1136 2791 1154 2881 ή
1180 2793 1215 2860 δέ
1238 2818 1321 2876 προ-

160 2915 162 2919 ’
224 2907 321 2993 φήτις
332 2900 482 2989 πρόεισιν
505 2899 702 2990 ἐπικλήσεις,
726 2899 771 2983 ιδς
791 2901 882 2982 ἔθος,
906 2907 973 2968 τῶν
996 2907 1086 2970 θεῶν
1107 2901 1320 2989 ποιησαμένη,

224 3005 430 3097 α’προόπτως
449 3013 484 3080 δέ
498 3012 554 3100 (τε
567 3014 620 3095 M>
642 3010 757 3080 ἰδοῦσα
782 3007 840 3090 τὰς
859 3005 1003 3097 Ἐρινύας
1022 3009 1128 3099 κύκλῳ
1151 3014 1214 3079 τοῦ
1236 3005 1322 3095 Ὀρέ-

225 3144 304 3188 στου
323 3118 553 3202 καδευδούσας
576 3118 686 3188 πάντα
705 3117 823 3208 μηνύει
845 3126 917 3200 τοῖς
928 3125 1075 3202 θεαταῖς,
1099 3114 1163 3202 ούχ
1185 3116 1231 3199 ιδς
1253 3121 1321 3206 διη-

224 3231 362 3318 γουμένη
384 3228 425 3296 τὰ
447 3227 513 3297 ύπδ
531 3227 592 3318 τήν
614 3227 732 3318 σκηνήν
755 3231 870 3313 (τοῦτο
892 3227 955 3316 γυίρ
978 3225 1169 3315 νεωτερικὸν
1184 3221 1322 3314 Εύριπί-

176 3347 211 3399 25
225 3341 336 3425 δειον),
360 3337 407 3405 δπ
662 3335 767 3431 ήξεως
788 3334 830 3404 τδ
848 3334 1079 3425 θορυβήσανια
1099 3331 1204 3425 αύτήν
1225 3363 1322 3403 κατα-

224 3446 393 3536 μηνύουσα
417 3449 625 3540 φιλοτέχνως.

310 3559 390 3624 Ηεε.
414 3563 430 3623 1
453 3551 589 3648 σίφεὶςδ
614 3552 820 3642 Πολύδωρος
842 3554 880 3624 τδ
901 3561 997 3640 σῶμα
1017 3555 1133 3625 ἑαυτοῦ
1164 3558 1219 3623 καὶ
1239 3552 1322 3643 μόνη

229 3666 314 3754 ψυχή
339 3663 385 3733 ιδν
407 3666 576 3752 αἰωρεῖται
597 3663 709 3733 ἐπάνω
732 3671 792 3753 τῆς
812 3665 935 3753 μητρὸς
962 3665 1062 3733 αὑτοῦ
1091 3668 1145 3732 καὶ
1169 3667 1253 3754 λέγει
1276 3666 1323 3745 εἰς

226 3773 369 3863 έπήκοον
390 3768 492 3863 αὐτῆς
515 3771 573 3864 τήν
595 3800 630 3841 τε
652 3771 780 3863 σφαγήν
800 3771 900 3840 αὑτοῦ
926 3775 978 3841 καί
1009 3773 1070 3862 τήν
1101 3775 1255 3862 ἐσομένην
1283 3780 1321 3864 τή

178 3890 213 3942 30
226 3877 352 3975 ἀδελφή
373 3877 474 3951 αὐτοῦ
493 3884 661 3981 Πολυξένη
687 3882 741 3972 ὑφ’
763 3879 931 3971 Ἑλλήνων.
965 3884 1101 3972 ἐποίησε
1124 3883 1278 3951 δὲταῦτα
1304 3881 1322 3950 δ

314 4069 415 4126 ἳοίιδὲ
436 4073 543 4127 δίκαιον
560 4071 623 4127 add.
643 4072 675 4128 G.

318 4172 333 4222 7
352 4163 508 4242 έκκύκλημιί
525 4190 548 4223 τι
570 4170 617 4224 Br.
635 4175 664 4224 et
684 4169 764 4225 Vind.
776 4172 826 4224 281
847 4171 878 4224 ἐν
895 4165 1041 4240 κακλήματι
1064 4170 1096 4224 L:

302 4270 336 4320 15
356 4266 477 4336 Choeph.
488 4269 540 4321 973
558 4263 696 4336 ἀνοίγεται
714 4265 731 4334 ή
750 4265 835 4334 σκηνή
854 4271 899 4320 καὶ
917 4268 964 4321 ἐπὶ
976 4260 1325 4338 ἐκκυκλήματοςβγκυκλή·

226 4382 314 4434 ματος
332 4363 372 4430 M)
392 4361 484 4434 ὁρᾶται
505 4362 537 4416 τὰ
557 4358 680 4435 σώματα,
702 4360 719 4415 ίλ
737 4367 810 4433 λέγει
832 4365 933 4429 διπλῆν
951 4363 1105 4433 τυραννίδα.
