3000 5176
723 328 764 395 67

197 537 261 578 non
285 513 452 598 egreditur
474 514 658 595 scholiasta,
681 513 914 578 reconditioris
936 513 1104 578 doctrinae
1120 515 1245 577 nullum
1260 512 1293 577 in

198 646 236 687 eo
258 625 443 708 vestigium.
478 636 614 711 apparet
637 624 710 688 hinc
733 645 796 708 quo
818 623 889 686 iure
912 623 1046 687 eumad
1073 624 1239 688 saeculum
1262 647 1292 710 p.

198 731 276 798 Ohr.
300 743 450 820 quartum
464 734 654 817 quintumve
678 732 808 796 detrudi
830 731 1029 816 iusserimus,
1052 755 1125 797 uam
1147 732 1211 797 illis
1235 753 1292 819 po-

197 842 355 906 tissimum
378 842 579 929 temporibus
614 843 775 906 florebant
806 842 973 906 rhetorum
1009 842 1293 928 sophistarumque

196 951 322 1014 inutilia
345 951 460 1032 studio,
483 951 538 1036 qui
558 952 701 1015 omnium
722 952 861 1038 primum
878 953 910 1016 id
928 952 1130 1034 affectarent,
1152 961 1187 1014 ut
1201 951 1293 1014 fictas

196 1086 271 1128 suas
293 1085 449 1150 personas
478 1086 572 1147 quam
603 1063 846 1127 accuratissime
878 1063 918 1127 ad
950 1063 1050 1127 vitam
1079 1075 1293 1146 naturamque

198 1172 430 1261 exprimerent.
447 1173 544 1236 huius
557 1165 742 1258 ἠθοποιίας
754 1194 909 1255 magnum
924 1173 1087 1237 habebant
1101 1172 1293 1255 magistrum

198 1280 400 1366 Euripidem,
422 1281 472 1345 cui
493 1281 577 1346 hanc
593 1304 671 1345 sane
683 1279 815 1345 laudem
828 1304 926 1346 nemo
941 1303 1063 1367 negare
1076 1291 1195 1368 potest,
1219 1303 1292 1344 eum

195 1391 362 1456 hominum
385 1413 492 1456 mores
514 1391 642 1455 indoles
665 1392 801 1455 affectus
825 1391 857 1455 in
882 1391 1000 1455 fabulis
1023 1392 1089 1460 suis
1110 1390 1293 1454 admirabili

197 1509 266 1563 arte
290 1510 323 1563 et
345 1501 546 1586 perfectione
577 1500 732 1587 pinxisse.
777 1523 841 1564 non
866 1500 982 1564 mirum
1006 1500 1117 1584 igitur,
1143 1499 1169 1563 si
1193 1500 1293 1581 longe

136 1615 141 1627 “
197 1610 298 1674 maior
317 1611 580 1674 observationum
603 1633 768 1692 numerus,
792 1634 870 1696 quas
893 1610 925 1673 in
950 1610 1081 1675 scholiis
1103 1610 1291 1697 Euripideis

197 1718 391 1800 invenimus,
419 1718 459 1783 ad
481 1741 694 1807 personarum
719 1719 850 1802 ingenia
874 1729 999 1806 spectat
1029 1731 1060 1784 et
1090 1720 1186 1806 plena
1219 1730 1292 1783 sunt

197 1827 321 1891 scholia
344 1827 461 1911 laudis,
487 1851 582 1913 quam
605 1850 682 1892 vere
705 1827 746 1892 ad
769 1838 917 1894 naturam
942 1830 1147 1893 conformata
1171 1828 1236 1891 sint
1263 1838 1295 1891 et

196 1957 362 2021 expressa.
395 1936 480 2021 qnod
506 1961 578 2003 cum
603 1937 646 2002 ita
671 1960 704 2002 se
729 1938 855 2011 habeat,
879 1959 1014 2002 necesse
1038 1947 1087 2001 cst
1108 1959 1290 2019 caveamus,

197 2065 238 2108 ne
250 2044 398 2130 Didymo
419 2045 631 2124 vindicemus,
658 2069 740 2130 quae
762 2046 956 2111 recentioris
978 2055 1053 2119 sunt
1073 2046 1160 2110 illius
1183 2070 1291 2131 gram-

198 2153 316 2217 matici.
339 2163 414 2218 sunt
434 2163 540 2218 autem
556 2154 642 2220 inter
658 2155 755 2219 dubia
772 2155 895 2219 scholia
913 2155 1144 2237 eareferenda,
1164 2156 1292 2242 quibus,

199 2262 286 2347 quod
311 2263 389 2345 dixi,
421 2263 461 2328 de
493 2286 706 2350 personarum
731 2265 874 2329 moribus
901 2275 933 2328 et
957 2264 998 2328 de
1021 2265 1137 2330 timore
1158 2265 1211 2329 vel
1235 2265 1293 2328 mi-

199 2372 378 2437 sericordia
411 2375 647 2461 spectatoribus
679 2374 864 2439 iuiiciendis
890 2384 1015 2457 agatur.
1060 2375 1111 2440 his
1144 2373 1295 2439 addenda

197 2502 245 2559 ea,
269 2504 352 2568 quae
373 2480 414 2546 ad
436 2476 554 2560 acidae
576 2493 735 2570 spectant,
757 2506 894 2566 quorum
910 2482 1077 2569 specimen
1092 2506 1189 2568 snpra
1209 2506 1239 2569 p.
1252 2483 1294 2546 4ἷ)

199 2589 425 2673 cognovimus.
469 2590 652 2654 huiusmodi
682 2591 784 2676 igitur
807 2602 902 2656 notae
924 2601 1107 2679 possunt
1129 2591 1292 2676 originem

198 2697 319 2763 ducere
344 2700 477 2786 abipso
500 2699 685 2765 recentiore
711 2700 894 2784 scholiasta,
928 2701 1074 2787 quamvis
1097 2700 1137 2764 iis
1160 2722 1292 2785 quoque

195 2807 349 2894 exemplo
383 2808 424 2872 sit
456 2807 690 2896 Aristophanis
727 2809 930 2895 Didymique
969 2809 1165 2874 observandi
1202 2809 1294 2874 ratio.

195 2926 438 3000 cognoscuntur
455 2941 529 2983 cum
544 2918 683 3005 Didymi
707 2919 973 2984 annotationibus
999 2929 1204 3007 comparatae
1224 2919 1293 3006 ple·

195 3047 334 3112 rumque
353 3026 506 3092 facillime
531 3049 573 3091 ex
589 3028 698 3093 ieiuna
713 3028 884 3112 sterilique
901 3028 1111 3108 verbositate,
1129 3050 1203 3092 cum
1219 3047 1292 3111 gra-

196 3134 329 3198 vissima
353 3145 385 3199 et
408 3135 705 3218 significantissime
728 3138 884 3201 vocabula
908 3137 1020 3202 eadem
1051 3138 1117 3201 siut
1138 3147 1236 3222 atque
1258 3137 1292 3201 in

195 3242 329 3308 scholiis
351 3245 535 3328 Didymeis.
582 3255 618 3309 nt
647 3247 749 3331 priori
780 3247 933 3333 exernplo
963 3269 1063 3310 unum
1092 3246 1145 3310 hic
1167 3245 1293 3327 addam,

194 3350 278 3415 illud
300 3347 393 3416 ἕνεκα
419 3356 479 3417 τοῦ
505 3350 552 3431 εἷς
575 3345 686 3418 οἶκτοι
707 3357 835 3440 κινῆσαι
860 3349 899 3419 τὸ
932 3354 1076 3436 θέατρον
1103 3354 1136 3418 in
1167 3355 1291 3419 scholio

195 3458 283 3523 haud
306 3460 404 3524 dubie
428 3461 595 3547 Didymae
620 3462 741 3545 legitur
764 3463 805 3527 ad
821 3462 891 3529 OT.
910 3463 973 3526 264
994 3457 1080 3544 πρὸς
1101 3458 1140 3527 ad
1162 3467 1292 3548 κινῆσαι
1322 3506 1324 3512 ·

195 3562 233 3632 ud
256 3565 410 3651 θέατρον,
432 3579 468 3632 ut
496 3569 683 3655 saepissime
713 3568 874 3654 κινητικὸν
898 3572 957 3634 τοῦ
984 3564 1134 3653 θεάτρου
1165 3569 1292 3634 similia.

196 3698 260 3740 non
298 3676 331 3742 in
371 3677 522 3742 omnibus
558 3679 692 3744 scholiis
728 3679 852 3763 liquide
890 3679 1031 3765 perspici
1074 3701 1186 3764 possc,
1227 3679 1291 3744 utri

196 3787 484 3869 grammaticorum
508 3788 682 3852 tribuenda
703 3788 778 3868 sint,
799 3811 865 3853 non
883 3799 933 3853 cst
949 3811 1006 3853 cur
1024 3810 1212 3852 memorem.
1236 3810 1291 3851 ne·

196 3916 259 3979 que
292 3896 402 3978 gravis
435 3897 497 3960 hoc
526 3907 575 3961 est
604 3897 637 3961 in
667 3899 856 3963 universum
890 3897 1055 3980 momenti,
1086 3920 1157 3962 cum
1188 3921 1231 3963 ex
1253 3897 1292 3961 iis

199 4002 332 4068 scholiis
355 4005 435 4068 nihil
448 4006 623 4087 lucremur,
647 4029 710 4092 quo
723 4008 870 4072 notitiam
893 4016 1035 4072 nostram
1059 4007 1099 4070 de
1122 4007 1237 4070 studiis
1251 4008 1290 4070 ab

200 4111 423 4199 Aristophane
455 4114 668 4201 Didymoque
706 4116 738 4179 in
775 4116 834 4180 hac
873 4137 908 4180 re
948 4115 1062 4202 positis
1093 4114 1292 4202 amplificare

198 4240 364 4312 queamus.

297 4330 352 4397 Ad
364 4330 546 4415 Didymum
564 4332 778 4400 redeuntibus
799 4355 899 4398 unum
923 4342 1073 4419 superest
1093 4331 1291 4398 scholiorum
