3000 5176
666 326 707 390 37

139 512 178 582 τδ
198 515 234 582 δὲ
256 513 364 602 δραμιί
386 515 453 582 έοτι
477 511 781 600 σατιπρικιίτερονίΒ,
805 512 854 581 ὅτι
874 513 920 593 εἰς
933 511 1036 599 χαράν
1049 515 1102 579 καὶ
1122 511 1238 601 ἡδονὴν
1324 552 1329 579 ι

139 625 364 715 καταστρέφει.
387 627 478 711 σαρά
498 630 564 690 τῶν
583 629 741 710 τραγικῶν
751 630 778 667 44
808 620 994 708 ἐκβάλλεται
1024 624 1069 703 ὡς
1091 617 1238 690 οίνοίκεια

138 740 198 822 τῆς
219 739 369 822 τραγικῆς
391 730 560 821 ποιήσειας
588 730 609 800 δ’
628 758 663 799 τε
686 725 832 819 Ὀρέστης
850 733 904 798 καὶ
931 730 949 821 ἦ
973 724 1161 820 Ἄλκηστις,
1192 728 1238 811 ῶς

139 845 174 911 έκ
203 848 376 932 συμφορᾶς
404 843 464 926 μὲν
491 835 664 927 ἆρχόμενα,
695 840 742 921 είς
768 837 975 925 εὖδαιμονίαν
1003 841 1114 908 δὲκαὶ
1137 837 1238 927 χαρὰν
1341 914 1349 927 ⁸

138 949 285 1040 λήξαντα,
309 948 334 1019 δι’
355 953 423 1019 έστι
445 953 573 1036 μᾶλλον
600 952 773 1038 κωμῳδίας
795 946 941 1035 ἐχόμενα.
985 962 1172 1039 opportune
1196 951 1238 1017 do

140 1060 258 1128 Oreste
281 1060 513 1147 Aristophanis
537 1059 704 1142 iudicium,
730 1059 770 1122 ad
793 1060 878 1142 quod
899 1069 1054 1146 provocat
1075 1079 1237 1143 gramma·

139 1171 232 1252 tiens,
255 1178 419 1233 servatum
444 1171 548 1234 estin
571 1191 640 1253 erg.
654 1169 703 1233 VI
720 1168 747 1231 F
763 1167 801 1233 τδ
824 1167 860 1234 δέ
881 1169 987 1254 δρᾶμα
1006 1167 1238 1253 κωμικωτέραν

140 1276 206 1361 ἔχει
228 1274 289 1365 τήν
310 1273 549 1366 καταστροφήν,
570 1278 657 1342 undo
672 1278 839 1342 fluxerunt
853 1278 955 1342 schol.
968 1276 1027 1344 Or.
1042 1277 1122 1341 1691
1139 1281 1237 1344 τοῦτο

137 1385 176 1456 τδ
200 1390 310 1473 δρᾶμα
332 1388 365 1454 έκ
387 1391 543 1473 τραγικοῦ
566 1382 720 1469 κωμικόν·
746 1385 781 1451 ἐκ
796 1382 854 1472 γὰρ
875 1390 1057 1474 συμφορῶν
1072 1385 1118 1465 είς
1133 1378 1238 1452 εὔθυ-

137 1499 214 1583 μίαν
233 1493 440 1586 κατήντησεν.
465 1521 535 1584 arg.
549 1497 607 1564 Or.
618 1497 669 1562 III
682 1521 712 1584 p.
724 1499 751 1579 7,
766 1498 805 1560 10
824 1492 863 1563 τδ
879 1495 915 1562 δέ
936 1498 1043 1580 δρᾶμα
1064 1500 1124 1582 τῆς
1142 1491 1238 1563 Ἕκα-

136 1611 196 1692 βης
217 1607 270 1672 καὶ
291 1609 351 1672 τοῦ
373 1602 539 1691 παρόντος
561 1601 726 1690 δράματος
749 1601 787 1670 τδ
811 1604 905 1683 τέλος
921 1598 992 1671 οίιτδ
1010 1605 1157 1683 πένθους
1178 1596 1236 1690 itq-

137 1741 248 1799 χονται
271 1717 324 1782 καί
347 1712 498 1802 λήγουσιν
521 1712 568 1792 εἰς
588 1709 695 1799 χαράν.
730 1715 902 1781 scholOr.
918 1714 996 1780 1691
1021 1710 1039 1800 ἡ
1064 1709 1238 1800 κατάληξις
1301 1716 1303 1719 ’

137 1829 195 1912 τῆς
216 1824 395 1912 τραγῳδίας
418 1819 441 1911 ἢ
464 1822 511 1903 εἷς
535 1828 659 1911 θρῆνον
689 1819 712 1911 ἢ
740 1823 787 1904 είς
821 1820 935 1902 πάθος
963 1819 1125 1909 καταλύει,
1154 1821 1173 1910 ἡ
1201 1825 1237 1890 δὲ

138 1939 194 2023 τῆς
213 1934 388 2022 κωμῳδίας
410 1933 457 2013 εἰς
479 1931 628 2012 σιτονδδς
647 1936 700 2000 καί
723 1930 901 2019 διαλλαγάς.
933 1929 1017 1999 ὅθεν
1046 1929 1161 2018 ὁρᾶται
1183 1929 1236 1999 τό·

245 2123 279 2174 43
297 2119 357 2173 Hoc
378 2119 514 2173 vocabulo
535 2119 733 2189 grammaticus
754 2136 810 2172 non
830 2118 914 2172 altius
929 2119 1119 2172 accuratiusve
1132 2118 1234 2173 descri-

139 2218 181 2272 bit
201 2214 312 2271 fabriles
334 2216 465 2281 indolem,
484 2233 568 2284 quam
586 2232 617 2268 re
636 2231 702 2268 vera
719 2215 854 2268 dramatis
872 2214 984 2282 satyrici
1001 2214 1063 2268 loco
1075 2231 1236 2284 repraesen-

140 2317 229 2368 tatam
248 2330 309 2367 esse
331 2317 430 2367 notum
449 2316 501 2375 est,
522 2329 585 2364 nem
604 2329 674 2380 quae
695 2312 805 2366 adiecta
825 2316 868 2365 est
886 2310 1021 2378 definitio,
1040 2306 1082 2364 ὅτι
1100 2308 1236 2382 εἰςχαρὰν

139 2413 185 2462 καὶ
202 2407 306 2476 ἡδονὴν
325 2412 438 2480 στρέφει
457 2407 554 2461 eadem
572 2410 616 2460 est
635 2409 719 2474 atque
738 2405 962 2475 Aristophaneae
984 2406 1060 2460 vocis
1082 2401 1236 2478 κωμικώιε-

139 2522 196 2576 ρον,
219 2508 251 2558 ut
269 2505 354 2558 allata
376 2505 569 2558 demonstrant
588 2504 721 2573 exempla.
745 2503 805 2572 ipse
816 2503 1016 2573 grammaticus
1027 2499 1235 2572 posteadioitii

138 2602 196 2656 ἔστι
213 2602 321 2673 μᾶλλον
338 2601 525 2672 κωμῳδίας
542 2597 671 2672 ἐχόμενα.
691 2601 777 2654 idest
795 2601 917 2654 studium
928 2600 1134 2654 recentioribus
1144 2617 1236 2670 grem-

139 2697 249 2753 maticis
269 2697 424 2767 proprium,
447 2701 488 2761 ut,
506 2697 554 2750 ubi
571 2695 633 2751 fieri
651 2701 753 2767 potest,
782 2714 834 2767 pro
853 2697 981 2767 genuinis
999 2701 1138 2761 notarum,
1166 2715 1234 2766 quas

138 2796 295 2860 excribunt,
318 2794 461 2849 vocabulis
482 2812 635 2863 synonyma
653 2800 767 2864 ponant,
788 2800 819 2848 ut
837 2795 1038 2849 vocabulorum
1057 2797 1133 2848 certe
1154 2794 1234 2848 novi-

137 2895 195 2947 tate
216 2892 337 2960 speciem
355 2892 487 2961 propriae
500 2893 646 2946 doctrinae
658 2896 778 2946 servent.
797 2896 923 2946 ceterum
935 2891 1007 2946 hanc
1023 2891 1058 2945 de
1068 2890 1184 2958 comico,
1203 2896 1235 2946 ut

138 2989 244 3052 dicunt,
269 2989 479 3058 tragoediarum
503 2990 700 3043 nonnullarum
725 2990 811 3053 exitu,
837 2989 925 3043 veluti
953 2988 1061 3042 Orestis
1083 2987 1235 3043 Alcestidis

137 3085 267 3140 Electrae
285 3085 464 3154 Sophoclem,
487 3085 676 3154 quaestionem
694 3103 781 3154 usque
799 3087 834 3139 ad
845 3086 1009 3139 Tzotzarum
1026 3088 1147 3139 aetatem
1166 3102 1236 3137 nnn·

137 3199 221 3252 quem
238 3182 428 3236 intermissam
446 3200 517 3247 esse,
538 3183 642 3236 docent
659 3182 830 3245 testimonia,
850 3199 920 3250 quae
939 3182 1054 3251 collegit
1072 3180 1102 3234 Ο.
1121 3180 1235 3235 Iahnius

137 3279 268 3335 Electrae
286 3296 312 3348 p.
324 3281 366 3331 21.

245 3377 281 3428 44
298 3374 342 3429 Sic
363 3374 438 3442 libri,
457 3378 572 3443 praeter
587 3375 621 3435 H,
640 3375 669 3428 in
688 3391 743 3441 quo
761 3371 836 3444 παρὰ
854 3381 909 3432 τοῖς
925 3379 1070 3445 τραγικοῖς.
1089 3377 1236 3427 mutarunt

138 3470 262 3526 editores
285 3470 314 3523 in
341 3467 416 3541 παρὰ
441 3471 496 3524 τῶν
513 3471 639 3540 κριτικῶν
657 3469 701 3524 vel
725 3471 927 3541 γραμματικῶν
950 3469 1026 3523 nulla
1047 3469 1106 3523 veri
1131 3469 1232 3539 specie.

138 3568 269 3622 solemnis
288 3566 316 3620 in
334 3567 493 3621 huiusmodi
510 3567 585 3620 notis
603 3571 645 3621 est
663 3584 729 3620 usus
746 3566 781 3620 de
795 3567 903 3636 tragico
914 3567 1072 3621 fabularum
1081 3566 1162 3621 initio
1177 3585 1236 3621 mo·

137 3665 230 3729 nendi,
251 3664 339 3719 veluti
359 3661 390 3718 τὸ
409 3665 503 3736 δρᾶμα
522 3666 552 3719 ἐκ
572 3666 700 3735 τραγικοῦ
717 3659 849 3737 κωμικόν,
865 3666 895 3719 ἐκ
915 3665 1062 3737 συμφορᾶς
1078 3665 1134 3735 μὲν
1152 3659 1236 3736 ἀρχό·

137 3779 217 3833 μενοι,
237 3764 274 3820 εἰς
294 3756 474 3833 εὐδαιμονίαν
492 3760 523 3814 δὲ
543 3763 607 3826 κτλ,
629 3761 660 3813 ἐκ
680 3762 835 3833 συμφορῶν
851 3763 888 3819 εἰς
907 3755 1044 3831 εὐθυμίαν
1061 3756 1233 3828 κατηντηκός,

137 3852 193 3911 ἀπὸ
222 3861 344 3915 πένθους
367 3850 498 3926 ι’ίρχονται.
523 3859 567 3908 καὶ
593 3850 722 3924 λήγουσιν
740 3858 778 3915 εἰς
793 3851 885 3927 χαράν
904 3861 933 3909 et
950 3873 1021 3925 quee
1040 3859 1105 3910 sunt
1124 3857 1234 3911 similia.

138 3970 223 4023 qnare
244 3970 296 4022 pro
318 3956 394 4007 certo
413 3951 511 4016 habeo,
533 3952 619 4005 verba
638 3948 712 4022 τιαρίι
733 3953 785 4005 τῶν
803 3954 939 4022 τραγικῶν
949 3953 985 4007 ad
999 3952 1095 4023 priora
1107 3970 1167 4007 esse
1178 3957 1234 4007 tra-

136 4051 236 4106 henda.
260 4050 327 4120 qnid
345 4049 489 4119 scripserit
508 4049 708 4120 grammaticus
726 4049 851 4104 dubium.
875 4050 969 4119 potuit
986 4051 1018 4104 ta
1035 4052 1172 4121 τραγικῶν
1190 4051 1233 4105 vel

136 4145 295 4224 ἀρχόμενον
313 4152 344 4205 ἐκ
360 4153 496 4222 τραγικῶν
516 4153 570 4205 κτλ.
589 4149 709 4204 fortasse
726 4167 824 4204 verum
841 4152 894 4215 est,
913 4149 987 4218 quod
1005 4147 1110 4201 amicus
1121 4147 1233 4215 quidam

135 4248 246 4304 mecum
262 4247 487 4313 communicavit,
503 4264 555 4318 pro
573 4244 649 4317 παρὰ
668 4249 722 4301 τῶν
740 4247 877 4317 τραγικῶν
890 4245 1069 4300 scribendum
1082 4263 1143 4302 esse
1156 4243 1230 4315 παρὰ

135 4343 166 4401 τὸ
187 4338 323 4418 τραγικόν.
