3000 5176
797 317 834 380 10

271 499 411 569 ἔσεσθαι
432 503 579 568 κίνδυνον
602 503 637 570 ἐκ
658 500 786 571 τούτου.
835 500 1023 590 Τερψιχόρη
1049 503 1085 570 δέ
1106 504 1303 591 ἐπιφανεῖσα
1324 503 1363 571 ad

266 615 329 677 τοῦ
352 607 472 690 παιδδς
493 616 589 696 σιδμα
610 606 773 702 άηιείλετο.
814 610 859 693 (ὃς
880 614 913 681 έν
935 609 1072 700 παρόδηι
1095 613 1131 680 δέ
1153 609 1363 697 διαλαμβάνει

267 721 417 807 καὶπερὶ
439 725 501 789 τοῦ
525 718 631 811 φόνον
653 729 713 789 τοῦ
739 721 901 804 selavos.

370 829 398 895 C
438 828 575 920 ἡσκηνὴ
600 837 661 898 τοῦ
685 829 849 918 δράματος
863 835 896 900 ἐν
922 835 1033 923 Τροίᾳ.
1056 830 1074 900 ὁ
1096 833 1195 919 χορδς
1212 833 1361 920 συνέστη-

267 964 322 1005 κεν
346 939 381 1006 έκ
401 936 559 1029 φυλάκων
583 945 749 1027 Τρωίκῶν,
770 939 807 1009 οἳ
824 943 879 1009 καὶ
900 943 1140 1030 προλογίζουσι.
1161 941 1307 1028 περιέχει
1327 941 1363 1008 δὲ

268 1046 326 1135 την
348 1051 581 1138 νακτεγερσίαν.

369 1159 486 1226 desunt
507 1159 605 1224 ΒΒΕ
612 1159 640 1223 F
643 1161 681 1227 G.

357 1286 441 1350 VIII
460 1297 689 1373 argumentum
713 1286 834 1376 Oedipi
859 1288 997 1354 Oolonei
1020 1289 1226 1376 Sophoclcae
1245 1291 1279 1353 ¹⁸.

369 1396 400 1457 A
444 1392 462 1461 ὁ
487 1396 542 1462 ε’πί
563 1399 711 1485 Κολωνῷ
735 1396 895 1476 Οἰδίπους
915 1398 1115 1484 συνημμένος
1134 1394 1206 1477 πώς
1228 1398 1297 1465 ἔστι
1318 1400 1365 1484 τῷ

273 1498 435 1590 Τυράννῳ.
464 1509 524 1592 τῆς
549 1504 611 1592 γάρ
640 1508 800 1591 πατρίδος
828 1503 1014 1573 ε’κπεσώνδ
1041 1505 1199 1586 Οἰδίπους
1230 1499 1290 1594 ἤδη
1313 1529 1365 1591 γε-

269 1608 361 1696 ραιδς
383 1608 429 1678 riv
448 1606 632 1702 άιμικνεῖται
653 1613 700 1694 είς
720 1607 878 1704 Ἀθήνας,
904 1612 971 1684 δπδ
993 1619 1053 1702 τῆς
1075 1612 1239 1702 θυγατρός
1258 1608 1365 1681 Ἀντι-

268 1718 362 1808 γάνης
383 1717 690 1808 χειραγωγούμενος.
712 1711 794 1811 ἦσαν
804 1723 865 1811 γάρ
879 1756 898 1793 ιι
921 1756 940 1793 ιι
964 1756 982 1792 ιι
1004 1755 1023 1792 ιι
1045 1729 1112 1791 τῶν
1128 1717 1273 1810 ἀρσένων
1286 1724 1364 1810 περὶ

268 1832 327 1899 τδν
348 1832 473 1918 πατέρα
490 1828 790 1921 φιλοστοργότεραι.
803 1833 988 1923 ἀφικνεῖται
1000 1833 1036 1900 δέ
1048 1831 1096 1913 εἰς
1117 1827 1262 1919 Ἀθήνας
1281 1833 1364 1901 κατά

269 1937 514 2028 πυθόχρηστον,
530 1937 576 2020 aig
589 1934 691 2021 αδτὸς
712 1967 803 2033 φησι,
826 1943 970 2032 χρησθέν
991 1936 1083 2031 crispi
1108 1939 1199 2029 παρά
1218 1948 1290 2022 ταῖς
1311 1968 1366 2010 σε·

268 2054 364 2134 μναῖς
385 2051 596 2134 καλουμέναις
616 2056 714 2131 θεαῖς
733 2048 928 2136 μεταλλάξαι
951 2048 1010 2120 τδν
1029 2052 1112 2136 βίον.
1154 2048 1193 2119 τδ
1225 2052 1285 2138 μὲν
1305 2040 1366 2120 οὖν
1397 2116 1406 2145 ,

270 2165 405 2246 πρῶτον
426 2161 573 2248 γέροντες
586 2157 744 2248 ἐγχώριοι,
767 2163 803 2245 ἐξ
822 2149 869 2230 τάν
889 2159 907 2229 ά
929 2159 1028 2247 χορδς
1049 2161 1233 2249 συνέστηκε,
1254 2157 1366 2229 ποδό-

269 2296 364 2355 μενοι
385 2270 591 2356 συνέρχονται
622 2271 675 2336 καί
706 2271 907 2357 διαλέγονται
936 2269 1023 2356 πρδς
1049 2268 1160 2353 αδτδν,
1193 2269 1310 2340 ἔπειτα
1331 2272 1367 2338 δέ

270 2373 398 2467 Ἰσμήνη
420 2380 663 2467 παραγενομένη
686 2375 727 2446 τά
751 2378 833 2447 κατά
864 2380 924 2469 τήν
953 2377 1067 2448 στάσιν
1089 2374 1282 2467 άπαγγέλλει
1301 2384 1367 2445 τῶν

270 2487 400 2554 παίδων
420 2488 472 2553 καὶ
504 2484 565 2574 την
585 2487 757 2574 γενομένην
787 2478 898 2577 άφιξιν
927 2491 990 2554 τοῦ
1013 2487 1179 2573 Κρέοντος
1200 2483 1286 2573 πρδς
1306 2479 1368 2552 αδ-

270 2593 338 2663 τάν·
360 2589 398 2674 ὃς
416 2596 470 2660 καὶ
492 2593 755 2682 παραγενόμενος
784 2596 840 2663 ἐπὶ
870 2599 917 2684 τῷ
944 2588 1074 2682 άγαγεῖν
1102 2588 1201 2662 αάτδν
1222 2594 1269 2674 είς
1291 2587 1367 2661 τοδ-

271 2706 361 2773 πίσω
390 2697 561 2790 άπρακτος
580 2698 830 2772 άπαλλάττεται.
860 2702 879 2772 δ
901 2705 937 2791 δὲ
960 2702 1047 2791 πρὸς
1068 2701 1126 2772 τὸν
1152 2705 1260 2791 Θησέα
1282 2706 1366 2772 διελ-

271 2812 347 2882 θών
376 2813 435 2882 τδν
461 2815 607 2902 χρησμδν
640 2811 725 2881 οὕτω
756 2811 814 2881 τδν
841 2800 915 2898 βίον
943 2815 1160 2904 καταστρέφει
1185 2811 1276 2901 παρά
1295 2819 1368 2894 ταῖς

271 2929 379 3003 θεαῖς.
731 2930 735 2935 ’

376 3035 404 3100 F
442 3035 481 3100 τδ
505 3035 541 3101 δὲ
561 3036 667 3119 δρᾶμα
690 3038 756 3100 τῶν
777 3039 996 3120 θαυμαστῶν·
1030 3027 1050 3102 δ
1074 3034 1127 3100 καὶ
1150 3026 1210 3122 ἤδη
1233 3058 1366 3122 γεγηρα-

375 3283 407 3334 18
425 3279 485 3334 Ηοα
504 3283 702 3349 argumentum
720 3277 765 3334 hio
785 3278 881 3333 statim
899 3276 1021 3341 exhibui,
1053 3277 1184 3346 quoniam
1201 3295 1253 3347 pro
1271 3278 1368 3332 funda·

273 3382 368 3432 mento
385 3377 409 3430 ei
431 3377 515 3432 fuisse
536 3375 703 3446 hypothesin
721 3375 957 3444 Aristophanem
980 3377 1009 3426 et
1032 3373 1140 3426 indoles
1165 3372 1223 3427 eius
1242 3377 1271 3428 et-
1288 3374 1367 3427 testi-

274 3473 399 3527 monium
420 3473 487 3528 satis
507 3473 643 3526 disertum
662 3472 751 3526 docet.
776 3469 925 3525 scholiasta
943 3469 979 3523 ad
989 3468 1070 3523 Statii
1081 3467 1237 3524 Thebaidos
1256 3468 1304 3523 lib.
1314 3468 1366 3522 XII

273 3573 326 3624 510
345 3570 414 3624 haec
435 3573 551 3623 annotat
569 3567 695 3640 ‘Oedipus
720 3571 846 3638 capulans
860 3571 985 3622 Creontis
1001 3570 1115 3637 imperio
1135 3570 1255 3636 consopit
1272 3569 1368 3636 Epica-

275 3670 335 3720 lono
355 3666 440 3732 (siet),
459 3670 488 3719 in
507 3686 556 3735 qao
569 3662 823 3732 lucas(locaaood.)
845 3675 903 3717 erat
913 3667 1005 3717 Furiis
1027 3671 1209 3726 consecratus,
1228 3662 1274 3714 aad
1291 3666 1369 3715 mire·

273 3765 395 3817 ricordiu
408 3766 606 3816 Atheniensium
625 3763 677 3814 illa
695 3763 756 3814 sede
773 3772 812 3814 cal
831 3772 955 3830 acceptus
970 3762 1072 3827 (erutus
1089 3758 1162 3826 cod.)
1182 3760 1369 3828 hospitaliter-

275 3871 475 3930 qaetractntua.
495 3861 578 3911 λιιιιισ
598 3858 1088 3926 lrnpoadiumdristophoncs
1108 3850 1273 3925 scripsit'
1293 3854 1369 3924 quod

275 3955 423 4010 scholiasta
441 3959 539 4009 narrat
556 3956 641 4008 breve
660 3958 704 4007 est
722 3957 917 4023 argumentum
935 3952 1034 4021 Oedipi
1054 3950 1168 4007 Colonei
1186 3950 1368 4020 Sophocleae,

275 4054 307 4105 ut
323 4051 460 4120 probatur
479 4051 563 4104 etiam
583 4049 689 4105 Graeco
708 4049 842 4104 dramatis
862 4049 998 4104 vocabulo
1015 4044 1193 4120 ‘Epicolono'.
1212 4047 1294 4102 huius
1312 4051 1369 4101 tra·

276 4146 391 4216 goediae
407 4150 550 4202 auctorem
565 4144 716 4200 scholiasta
727 4144 945 4214 Aristophanem
962 4144 1052 4206 finxit,
1070 4162 1133 4198 nam
1152 4161 1186 4197 ex
1205 4143 1265 4198 eius
1282 4141 1370 4213 hypo-

274 4243 349 4298 thesi
367 4243 485 4312 sumpsit
498 4242 551 4297 sibi
561 4241 689 4296 notitiam
699 4241 922 4311 mythologicam.
942 4240 1067 4317 scholion
1079 4239 1147 4293 mihi
1156 4239 1292 4294 indicavit
1302 4240 1369 4294 Otto

275 4338 395 4394 Iahnius.
