3000 5176
706 297 747 360 48

181 482 236 567 qui
259 482 292 545 in
314 479 500 567 tragoediis¹
516 503 582 546 non
606 489 707 546 artem
731 479 891 566 tragicam
908 479 963 544 sed
979 480 1112 563 linguae
1125 479 1275 546 Graecae

178 591 364 655 rudimenta
386 591 536 673 doceant,
560 591 816 677 unumquodque
829 590 899 655 fere
911 590 1067 677 pristinae
1081 589 1276 675 disciplinae

178 699 352 782 vestigium
385 698 567 763 extinctum
591 709 650 764 est.
691 698 858 784 antiquum
882 697 975 762 illum
1002 700 1126 763 fontem
1151 697 1275 762 Aristo·

180 807 295 895 phanis
319 807 420 872 fuisse
443 817 692 892 argumenta
716 809 884 891 hucusque
906 808 1012 873 studui
1026 809 1174 895 probare.
1197 805 1274 891 quid

178 917 372 983 scholiastae
398 939 440 982 ex
462 917 533 982 aliis
549 917 778 1004 Aristophanis
799 918 952 1004 operibns
970 917 1148 1002 hauserint,
1170 917 1274 981 nesci·

179 1049 250 1092 mus
273 1049 333 1091 nce
357 1027 440 1093 scire
465 1050 647 1114 possumus.
672 1051 745 1093 nam
761 1027 848 1114 quod
862 1027 894 1091 in
914 1028 973 1091 hac
998 1027 1187 1111 quaestione
1210 1051 1274 1091 ma·

178 1135 258 1199 ximi
284 1145 370 1201 esset
393 1135 559 1218 momenti,
594 1136 849 1224 Aristophanem
873 1137 1121 1203 commentarios
1145 1158 1274 1224 compo·

179 1245 282 1309 suisse
308 1247 405 1309 etiam
428 1245 463 1309 in
485 1245 691 1332 Aeschylum
716 1246 992 1334 Sophoclemque,
1023 1246 1084 1310 hoc
1107 1246 1203 1312 certis
1228 1270 1275 1310 ar-

178 1355 343 1438 gumentis
368 1353 586 1419 demonstrari
608 1354 730 1439 nequit,
754 1364 786 1419 et
805 1354 954 1419 inutilem
978 1355 1111 1421 omnino
1126 1354 1210 1419 duco
1234 1355 1275 1419 de

177 1464 237 1528 hac
262 1485 299 1527 re
324 1462 603 1551 disceptationem,
636 1486 730 1548 quam
756 1464 933 1529 institutam
958 1463 1053 1529 video
1077 1464 1163 1529 inter
1187 1465 1275 1528 viros

179 1572 304 1655 doctos,
328 1596 399 1638 cum
423 1575 456 1637 in
478 1573 646 1638 sententiis
663 1573 870 1658 opinionibus
885 1574 1081 1639 coniecturis
1096 1574 1274 1638 subsisten-

180 1682 257 1746 dum
281 1683 332 1748 sit.
354 1705 459 1770 neque
480 1683 514 1747 in
527 1683 736 1748 scholiisillis
750 1683 983 1769 Aristophanis
1008 1687 1166 1747 nomcn⁵2
1189 1705 1274 1748 com·

179 1799 387 1871 memoratur,
422 1812 529 1875 neque
558 1790 691 1855 aliunde
718 1791 830 1855 notitia
854 1790 893 1855 ad
918 1814 977 1855 nos
1004 1790 1163 1876 pervenit,
1200 1813 1274 1855 eum

177 1897 211 1962 in
244 1897 303 1963 hos
336 1908 502 1984 poetarum
536 1900 701 1987 principes
731 1895 949 1987 ὑπομνήματα
978 1900 1192 1988 scripsisse53.
1238 1911 1273 1964 ut

181 2007 268 2091 quod
302 2008 452 2091 equidem
487 2009 591 2072 sentio
620 2009 735 2091 dicam,
767 2010 845 2074 mihi
867 2010 961 2074 valde
986 2009 1204 2097 improbabile
1219 2010 1270 2072 αἱ·

183 2116 289 2201 detur,
305 2140 377 2182 eum
390 2117 649 2200 grammaticum,
664 2120 755 2184 cuius
769 2130 963 2206 argumenta
979 2120 1031 2184 vel
1048 2119 1145 2183 hodie
1162 2140 1275 2184 omnes

178 2228 249 2292 fere
271 2228 369 2292 trium
391 2229 586 2312 tragicorum
611 2228 741 2292 fabulae
771 2228 804 2290 in
828 2230 936 2293 fronte
956 2239 1086 2314 gerunt,
1113 2229 1204 2293 cuius
1228 2228 1274 2292 di-

179 2338 337 2425 sciplinae
361 2348 408 2402 tot
430 2347 544 2403 extant
567 2338 601 2401 in
624 2337 755 2403 scholiis
782 2337 929 2422 vestigia,
957 2361 1053 2424 quem
1080 2361 1192 2403 curam
1213 2337 1276 2401 im-

181 2449 334 2537 pendisse
362 2449 506 2514 Homero
540 2448 686 2513 Hesiodo
717 2449 916 2513 Anacreonti
948 2447 1091 2513 Pindaro
1122 2447 1273 2534 Euripidi

179 2559 393 2645 Aristophani
416 2569 553 2642 coustat,
576 2559 666 2646 quasi
691 2557 835 2622 studioso
859 2568 891 2622 ot
919 2567 1008 2622 certo
1037 2559 1176 2644 quodam
1199 2580 1274 2622 con-

179 2668 374 2755 silio-quod
401 2691 459 2734 nos
483 2669 598 2733 saltem
623 2690 742 2755 capere
773 2668 957 2753 nequimus,
983 2669 1185 2754 Aeschylum
1213 2667 1273 2734 So·

178 2778 396 2864 phoclcmque
421 2776 455 2842 in
475 2775 583 2842 medio
599 2776 782 2862 reliquisse.
805 2786 837 2840 at
860 2786 932 2840 utut
954 2775 1015 2839 hoc
1039 2785 1099 2854 est,
1122 2776 1273 2859 equidem

179 2885 388 2971 acquiescere
412 2908 545 2973 possum
561 2885 593 2949 iu
610 2885 659 2968 iis,
684 2907 767 2971 quae
791 2884 937 2973 reliquiis
955 2884 1149 2949 examinatis
1164 2885 1273 2951 inveni

179 3016 217 3058 eo
251 2994 366 3079 magis,
388 3018 462 3059 cum
494 2994 534 3057 ad
567 2994 774 3077 documenta,
805 2992 922 3079 quibus
949 2994 1039 3059 nisus
1071 2992 1273 3059 confidenter

180 3103 433 3191 Aristophanem
458 3103 652 3190 Byzantium
677 3103 940 3167 observationum
972 3102 1012 3166 ad
1043 3114 1146 3168 artem
1170 3105 1274 3190 poeti-

179 3237 250 3278 cam
275 3213 493 3300 spectantium
521 3224 686 3278 auctorem
718 3214 829 3277 dicere
863 3212 968 3299 potui,
999 3236 1100 3277 unum
1130 3213 1274 3294 accedat,

179 3324 265 3407 quod
292 3344 434 3405 omnem,
466 3323 492 3386 si
524 3344 587 3406 qua
618 3321 735 3387 relicta
765 3322 873 3404 fuerit,
905 3322 1143 3387 dubitationem
1166 3323 1274 3388 tollat:

178 3441 314 3518 apparet
343 3432 377 3496 in
406 3431 538 3496 scholiis
562 3430 752 3517 Euripideis
774 3430 1006 3517 Aristophanis
1037 3453 1156 3495 nomen
1179 3442 1273 3496 notae

178 3540 373 3628 appositum,
398 3562 479 3625 quae
503 3563 568 3605 uon
591 3542 695 3605 solum
719 3539 864 3604 eiusdem
888 3549 937 3604 est
959 3540 1093 3625 generis
1116 3563 1154 3606 ac
1179 3540 1274 3605 modo

180 3657 345 3730 tractatae,
373 3648 430 3714 sed
453 3673 515 3733 qua
538 3649 714 3714 edocemur
728 3651 836 3732 etiam,
859 3671 924 3713 non
942 3650 1115 3714 exhaustas
1130 3670 1201 3715 esse
1220 3653 1273 3715 ob·

287 3846 320 3898 52
340 3843 372 3897 In
390 3844 476 3898 schol.
487 3844 564 3898 Aiac.
576 3846 627 3898 746
643 3848 681 3904 εἰς
699 3851 851 3916 παροιμίαν
869 3843 884 3899 ὁ
904 3850 997 3916 στίχος
1018 3847 1160 3917 παρῆκται,
1179 3841 1212 3914 ἢν
1229 3849 1274 3899 καὶ

170 3935 366 4012 Ἀριστοφάνης
390 3934 542 4011 ἀναγράφει
570 3940 765 4010 Aristophanis
793 3947 938 4013 παροιμίαι
962 3942 1102 3996 dicuntur.
1139 3941 1273 3997 ePhotio

178 4035 263 4090 Suida
282 4055 303 4090 s.
323 4055 347 4091 v.
368 4039 599 4109 μασχαλίσματα·
624 4032 819 4108 Ἀριστοφάνης
844 4034 919 4107 παρὰ
937 4039 1081 4109 Σοφοκλεῖ
1098 4038 1129 4091 ἐν
1145 4033 1273 4108 Ἠλέκτρα

178 4139 286 4186 κεῖσθαι
305 4130 355 4200 τὴν
373 4135 443 4193 λέξιν
460 4134 525 4193 ἔθος
543 4139 731 4206 σημαίνουσαν
749 4134 818 4187 nihil
836 4134 1030 4203 colligendum.

285 4231 318 4282 53
338 4229 462 4284 Eandem
482 4229 612 4284 fortunae
630 4231 806 4299 iniquitatem
827 4235 958 4300 expertae
977 4235 1042 4284 sunt
1061 4231 1119 4283 eius
1138 4231 1272 4300 hypothe-

179 4344 230 4391 ses,
249 4337 366 4395 qumum
383 4327 460 4380 nulla
482 4326 513 4380 fit
531 4329 636 4381 mentio
656 4328 684 4380 in
703 4332 829 4381 veterum
848 4329 970 4396 seriptis.
