3000 5176
629 344 668 409 27

48 539 50 543 ’
101 530 298 618 percipimus
322 533 458 613 fruetus,
481 540 518 596 ut
536 554 635 596 unurn
653 538 742 596 certe
764 530 896 594 illerum
919 527 1115 592 iudiciorum
1140 546 1196 611 ge-

98 661 169 722 nus,
195 662 277 725 quae
304 641 544 730 Aristophanes
568 641 608 706 de
631 640 807 704 virtutibus
829 639 1012 703 fabularum
1035 637 1197 724 hypothe-

97 723 185 814 sibus
208 749 275 816 suis
298 750 434 834 addidit,
458 773 543 816 nova
567 773 700 836 prorsus
733 758 766 815 et
788 747 966 813 clarissima
988 748 1064 811 lnce
1088 745 1197 809 videa-

98 879 171 922 mus
196 857 430 923 collustratum.
474 860 500 924 si
523 881 586 943 que
612 858 723 923 fabula
747 857 792 922 ita
821 857 921 922 fucrit
944 864 1138 943 comparata,
1161 862 1197 916 ut

99 986 169 1030 eam
193 966 434 1054 Aristophanes
473 968 541 1031 sive
573 977 709 1055 proptor
745 967 932 1031 universam
960 965 1104 1031 indolem
1127 963 1197 1029 sive

97 1085 233 1163 propter
266 1076 470 1162 singularum
502 1097 692 1140 scaenarum
726 1075 995 1158 compositionem
1026 1075 1196 1139 innume·

99 1206 171 1248 rum
196 1205 309 1248 earum
334 1183 545 1268 relegandam
570 1205 641 1248 esse
664 1194 822 1268 censeret,
851 1208 930 1271 quas
953 1183 1090 1249 secundi
1113 1182 1198 1247 ordi-

98 1291 148 1357 nis
171 1313 243 1358 esse
273 1292 437 1357 iudicaret
468 1287 520 1376 (τδ
544 1293 651 1377 δρᾶμα
678 1296 744 1356 τῶν
771 1292 955 1378 δευτέρων),
978 1292 1134 1357 iudicium
1158 1313 1197 1356 eo

100 1403 272 1487 probabat,
306 1410 341 1466 ut
368 1402 567 1467 enumeratis
590 1402 728 1486 scaenis,
757 1423 839 1486 quac
871 1403 932 1487 ipsi
955 1424 1021 1466 non
1046 1401 1197 1486 displice-

100 1521 183 1592 rent,
207 1532 261 1577 eas
286 1509 432 1593 adderet,
455 1533 535 1598 quas
551 1511 602 1574 his
619 1511 684 1575 illis
700 1511 807 1575 causis
824 1520 1004 1575 commotus
1026 1535 1044 1574 a
1066 1521 1196 1595 tragoe-

12 1644 14 1648 “
98 1619 172 1684 diae
195 1619 393 1686 sublimitate
428 1620 550 1685 alienas
582 1630 721 1707 putaret.
780 1629 812 1684 et
840 1619 875 1684 in
909 1619 971 1684 hae
1008 1641 1198 1704 quoquere

97 1738 186 1794 certa
209 1731 349 1815 quadam
374 1729 515 1794 formula
541 1752 619 1794 usus
642 1751 713 1794 esse
735 1729 866 1793 videtur
888 1729 1138 1816 Aristophanes,
1161 1750 1199 1793 ca

99 1860 230 1927 nempe,
254 1861 335 1928 quae
358 1862 401 1904 ex
423 1838 577 1904 universa
593 1838 832 1926 significatione
854 1833 893 1903 τδ
916 1839 1023 1924 δρᾶμα
1042 1841 1108 1902 τῶν
1129 1838 1199 1903 δευ-

96 1946 200 2031 τέρων
220 1949 308 2012 ultro
330 1947 446 2013 fluxit:
470 1946 503 2012 ἐν
524 1950 572 2032 τῷ
592 1946 733 2033 δευτέρῳ
756 1945 858 2031 μέρει.

195 2055 290 2138 Quod
317 2053 476 2121 eiusmodi
506 2066 774 2140 argumentorum
813 2055 916 2120 indoli
947 2054 1043 2119 altius
1072 2055 1197 2144 perspi·

96 2163 232 2230 ciendae
256 2185 298 2228 ex
318 2172 409 2228 certo
439 2165 501 2228 hoc
533 2163 720 2228 testimonio
751 2162 906 2246 eruimus,
938 2163 971 2228 id
995 2165 1027 2228 in
1048 2165 1114 2228 fixa
1138 2165 1196 2228 illa

96 2294 222 2357 norme,
244 2271 285 2336 ad
310 2294 405 2357 quam
424 2271 661 2358 Aristophanes
683 2271 809 2335 fabulas
832 2274 916 2336 solet
932 2293 1117 2356 recensere,
1139 2294 1193 2337 re-

95 2381 193 2468 liquis
225 2381 426 2468 argumentis
457 2380 645 2445 coniectura
673 2381 788 2445 licebit
808 2381 984 2463 vindicare,
1018 2382 1196 2469 perbrevia

99 2490 224 2557 scilicet
245 2491 300 2556 illa
322 2489 442 2560 iudicia
465 2490 662 2577 amplificata
684 2491 783 2556 fuisse
806 2491 845 2556 iis
869 2491 997 2575 additis,
1031 2513 1114 2575 quac
1139 2502 1194 2555 aut

97 2599 226 2666 laudem
250 2609 306 2664 aut
328 2599 528 2687 vituperium
553 2599 683 2664 fabulae
706 2603 966 2688 comprobarent.
1010 2601 1044 2664 in
1067 2600 1198 2664 drama·

96 2708 136 2775 tis
159 2709 254 2797 primi
283 2709 407 2775 ordinis
443 2704 494 2790 (τὸ
524 2709 635 2793 δρᾶμα
664 2711 730 2772 τῶν
751 2704 909 2793 πρώτων)
933 2710 1038 2797 ipsum
1063 2709 1196 2776 Andro-

95 2819 240 2903 machae,
260 2818 349 2904 quod
362 2818 461 2903 vulgo
483 2817 661 2902 ferebatur,
682 2829 914 2904 argumentum
929 2841 1076 2883 normam
1100 2839 1195 2905 prae-

95 2928 173 2993 bere
194 2917 314 3015 potest,
334 2929 374 2994 ad
399 2952 496 3017 quam
520 2938 730 2993 enumeratae
753 2929 878 2994 fuerint
891 2929 1031 2993 virtutos
1049 2928 1195 3013 singula-

18 3066 21 3073 ·
95 3058 168 3100 rum
192 3058 394 3101 scaenarum.
424 3037 529 3116 iniis,
566 3061 703 3124 querum
738 3037 846 3102 exitus
879 3036 1068 3101 comoediae
1093 3037 1196 3123 magis

93 3145 226 3234 propria
250 3145 369 3210 dieitur
388 3144 442 3229 (τδ
464 3146 570 3230 δρᾶμα
588 3145 819 3229 κωμικωτέραν
843 3143 911 3227 ἔχει
932 3145 993 3231 τήν
1015 3169 1198 3230 καταστρο-

94 3249 174 3343 φήν)
199 3277 262 3319 non
284 3255 380 3320 aliter
406 3266 504 3340 atque
524 3256 557 3321 in
582 3255 737 3321 dramatis
757 3259 824 3320 τῶν
844 3255 1006 3339 δευτέρων
1031 3277 1084 3320 eas
1108 3279 1197 3320 seac-

92 3386 151 3430 nas
179 3364 350 3452 probabile
383 3374 433 3429 est
456 3365 556 3430 fuisse
590 3365 812 3450 significatas,
846 3387 928 3450 quae
960 3388 1001 3429 ex
1034 3366 1194 3431 sententia

95 3474 326 3562 Aristophanis
350 3474 541 3540 comoediae
564 3476 846 3561 praeseferrent
874 3477 1028 3541 colorem.
1064 3475 1097 3538 id
1119 3497 1195 3541 sane

93 3584 147 3650 vel
169 3606 211 3648 cx
232 3583 413 3650 decurtatis
438 3584 558 3648 nestris
583 3585 785 3670 argumentis
809 3585 963 3670 cognosci
987 3593 1105 3673 potest,
1129 3609 1195 3650 non

93 3694 170 3759 satis
195 3694 349 3760 habuisse
376 3693 632 3781 Aristophanem
656 3694 688 3757 in
715 3695 902 3759 universum
932 3695 972 3759 dc
1002 3695 1200 3783 praestantia

97 3802 280 3869 fabularum
303 3825 448 3885 monere,
471 3803 529 3868 scd
556 3805 596 3868 dc
618 3803 757 3889 singulis
780 3825 910 3888 qnoque
931 3803 1056 3870 scaenis
1081 3826 1195 3890 perso-

93 3911 185 3976 nisve
209 3933 283 3976 eum
307 3909 477 3977 iudicasse.
530 3912 633 3977 veluti
655 3913 689 3976 in
711 3935 837 3997 argum.
869 3913 978 3979 Orest.
1001 3914 1080 3998 (VI)
1101 3937 1196 4000 prae·
1279 3940 1281 3947 ·

93 4028 142 4085 ter
164 4019 322 4086 iudicium
357 4020 398 4085 de
428 4021 555 4085 comico
584 4022 713 4085 fabulae
747 4020 841 4086 exitu
873 4023 956 4087 haec
996 4031 1124 4088 extant:
1157 4017 1195 4086 τδ

91 4128 198 4213 δρᾶμα
230 4131 297 4194 τῶν
332 4128 389 4196 ε’τιὶ
420 4133 540 4217 σκηνῆς
571 4124 849 4213 εὐδοκιμούντων,
884 4131 1046 4212 χείριστον
1071 4132 1107 4198 δὲ
1125 4136 1197 4210 τοῖς

93 4226 204 4322 ἤθεσι.
246 4234 335 4326 alric
356 4237 415 4324 γὰρ
439 4234 594 4305 Πυλάδου
616 4234 740 4318 πάντες
762 4241 892 4329 φαῦλοι.
918 4241 1015 4306 ctiam
1035 4242 1195 4330 ampliora

92 4345 134 4410 de
155 4345 294 4434 siugulis
317 4349 442 4416 scaenis
465 4352 623 4438 leguntur
645 4348 680 4412 in
702 4371 798 4434 argg.
823 4347 907 4416 Oed.
925 4349 996 4416 Col.
1020 4350 1063 4434 (V
1070 4349 1132 4434 ΠΙ)
1155 4361 1188 4415 et
