3000 5176
657 305 697 372 83

132 490 285 574 πειρᾶσαι
305 491 372 556 υιῦν
394 480 541 576 Ἀχαιῶν,
575 492 629 558 καὶ
657 489 762 572 οὕτως
785 489 926 578 ἔπραξεν
947 488 1033 560 ὥστε
1059 483 1169 578 ὀλίγον
1190 487 1247 556 τὰ,

131 597 258 665 ἐναντία
281 605 441 688 συμβῆναι
462 596 484 690 ἢ
505 598 714 684 ἐβουλεύιτας
745 601 799 666 καὶ
825 598 864 668 τύ
893 599 1027 686 κώλυμα
1049 594 1131 667 olari
1154 626 1230 688 μη·

127 708 264 791 χανῆς.
288 701 307 792 ἡ
329 704 388 792 γὰρ
411 699 538 794 Ἀθηνᾶ
561 705 713 776 ἐκώλυεν,
734 706 804 776 ἔστι
825 707 861 775 δὲ
883 700 1045 795 ἀποίητον
1065 705 1103 775 τό
1127 705 1230 796 μηχά-

130 838 213 900 νημα
237 810 328 881 λύειν
347 807 454 895 ύλλιυς
477 814 506 883 ei
528 813 573 905 μη
603 817 639 900 ἕξ
664 810 769 884 oricoli
799 821 858 884 τοῦ
886 813 1010 909 μύθοιο.
1041 819 1123 907 φησὶ
1151 814 1228 884 aad

124 913 355 1010 Ἀριστοτέλης
376 921 549 1011 ποιητικὸν
571 927 631 1010 μὲν
654 919 797 993 εἶναιτὸ
822 911 1000 1011 μιμεῖσθαι
1019 926 1060 993 τὰ
1083 923 1228 994 οἰκότα81

126 1030 286 1116 γίνεσθαι,
308 1033 362 1099 καὶ
383 1039 532 1122 ποιητῶν
551 1037 678 1119 μᾶλλον
699 1032 738 1103 τὸ
759 1032 930 1116 κινδύνους
944 1034 1164 1130 παρεισάγειν.
1184 1034 1226 1104 εἰ·

44 1220 46 1224 .
126 1139 183 1219 κὸς
205 1140 241 1207 δὲ
262 1143 328 1207 aaa.
342 1148 377 1209 ⁸².
411 1155 501 1210 reete
525 1146 672 1210 scholion
695 1147 928 1233 interpretatus
950 1157 999 1211 est
1024 1146 1062 1211 R.
1086 1147 1226 1212 Waohs-

128 1249 271 1315 muthius
296 1252 316 1316 l.
340 1253 361 1316 l.
386 1253 466 1339 p.3l
504 1253 701 1318 Aristoteles
731 1264 914 1340 iuterropat
943 1279 1001 1320 oar
1025 1239 1227 1342 Apamemao

127 1359 275 1424 Achaeos
297 1361 380 1424 adeo
401 1374 499 1425 tear-tet
521 1376 559 1426 at
580 1365 612 1426 ιά
636 1387 774 1428 sacramus
798 1367 967 1450 oapaasta'oe
982 1368 1099 1446 veniat,
1121 1389 1226 1451 porro

128 1454 305 1554 opprobrio
331 1455 430 1553 duait,
457 1473 544 1560 qaod
565 1469 748 1558 difficultas
770 1473 910 1558 artifieio
925 1475 1137 1560 praecidatur
1147 1498 1227 1561 poe-

128 1592 179 1641 tae
201 1602 268 1642 aaa
289 1580 391 1646 licito.
438 1581 499 1645 nisi
522 1581 665 1668 genuina
695 1594 770 1647 suut
794 1584 874 1648 haec
899 1583 1088 1650 Aristotelis
1110 1607 1225 1672 apore-

125 1697 222 1771 mata,
242 1698 367 1777 repeto,
391 1700 439 1753 sat
458 1691 542 1755 bono
554 1703 721 1756 versatum
736 1693 837 1758 fuisso
851 1695 905 1778 qui
918 1716 956 1758 ea
968 1703 1178 1779 componeret
1192 1694 1225 1757 in

125 1793 318 1864 Aristotelis
331 1800 520 1889 philosophi
536 1801 637 1884 libris,
661 1825 735 1866 nam
756 1825 839 1888 quae
853 1803 886 1866 in
901 1804 972 1869 ΑΡ.
987 1803 1025 1867 15
1036 1823 1066 1888 p.
1079 1802 1173 1895 14540
1184 1802 1224 1866 37

127 1908 168 1972 de
192 1908 380 1974 adhibendo
409 1911 469 1975 deo
496 1933 537 1976 ex
560 1911 712 1976 maehina
734 1911 980 1999 praecipiuntur
1003 1911 1044 1975 ad
1071 1910 1222 1976 amussim

126 2040 199 2082 oum
221 2017 347 2083 scholio
371 2018 428 2082 illu
461 2019 660 2085 conveniunt
689 2015 832 2108 φανερὰν
854 2006 912 2084 ούν
932 2015 985 2085 ὁίι
1009 2019 1064 2086 καὶ
1085 2015 1146 2098 rag
1167 2014 1223 2085 λύ-

124 2148 193 2204 σεις
211 2129 279 2190 τῶν
301 2121 421 2209 μύθων
443 2127 479 2208 ἐξ
498 2118 604 2192 orienti
632 2128 685 2193 δεῖ
711 2131 769 2193 τοῦ
800 2123 916 2211 μύθου
948 2127 1137 2212 συμβαίνειν
1168 2130 1222 2193 καὶ

125 2230 169 2322 μὴ
194 2230 309 2320 ὥσπερ
332 2234 366 2300 ἐν
384 2239 423 2324 τῇ
443 2235 576 2323 Μηδείᾳ
599 2232 666 2301 αἰιύ
689 2241 832 2324 μηχανης
853 2239 906 2303 καὶ
930 2237 964 2304 ἐν
984 2241 1024 2326 τῇ
1046 2228 1154 2303 Ἰλιάδι
1179 2234 1222 2304 τα

86 2350 88 2354 ’
124 2342 284 2428 περὶ-τόν
307 2335 494 2410 υἷσύνιλουν.
539 2367 605 2408 nou
631 2344 841 2429 cogitandum
865 2367 937 2411 esse
960 2369 1033 2410 oum
1059 2345 1220 2413 Graofen·

125 2452 245 2518 halmio
271 2462 303 2517 et
318 2454 499 2519 Welekoro
522 2455 563 2519 de
586 2453 754 2539 tragoedia
776 2455 914 2542 quadam
934 2449 1026 2533 Ἰλιάς
1042 2455 1218 2538 nominata,

124 2572 202 2647 puto
227 2562 278 2644 iis,
301 2585 383 2648 quae
409 2562 448 2627 do
473 2563 658 2629 notionibus
673 2563 863 2649 tragoediae
876 2564 1016 2650 propriis
1028 2564 1062 2629 in
1075 2564 1219 2628 earmina

126 2671 303 2737 Homerica
326 2673 489 2738 translatis
514 2673 592 2756 dixi,
622 2684 715 2738 extra
743 2694 872 2737 omnem
900 2672 1137 2737 dubitationem
1159 2695 1219 2760 po-

122 2781 220 2846 situm
238 2802 320 2847 esse.

221 2892 314 2958 Haec
337 2892 505 2983 sufficient
535 2891 575 2957 ad
601 2891 746 2959 indolem
776 2900 993 2976 naturamque
1017 2890 1221 2956 observatio-

123 3024 211 3083 num,
236 3024 319 3086 quae
342 3001 384 3065 ad
404 3012 505 3067 artem
531 3002 693 3091 poetieam
719 3011 903 3090 spectantes
935 3001 968 3064 in
996 2999 1131 3065 scholiis
1153 3000 1221 3065 Ho-

123 3109 290 3175 mericis³³
314 3110 536 3192 inveniuntur,
560 3119 648 3177 reete
671 3110 917 3177 aestimandam.
960 3133 1084 3198 paucae
1113 3121 1219 3190 notae,

147 3225 376 3315 ubl-bladae
396 3229 515 3332 scripsit,
531 3261 759 3316 Waohsmuthius
777 3263 796 3316 l.
816 3263 834 3318 l.
853 3281 879 3331 p.
896 3264 938 3316 32.
968 3256 1085 3315 ελωθόια
1103 3262 1134 3316 Β.
1163 3278 1220 3314 non

121 3358 219 3412 attulit
229 3357 465 3426 Wachsmnthius‚
485 3376 540 3428 quo
552 3359 709 3414 emendatio
723 3365 802 3414 certa
812 3359 948 3424 redditur,
968 3357 1115 3427 Porphyrii
1134 3358 1220 3412 verba

121 3471 147 3522 p.
162 3456 209 3507 512
223 3457 255 3508 31
281 3451 418 3526 ὅτανγὰρ
436 3453 482 3509 dui
500 3459 555 3510 τῶν
573 3449 719 3510 εἰκότων
736 3461 859 3526 γίγνηται
882 3456 951 3524 (soil.
969 3454 985 3522 ἡ
1004 3449 1098 3519 λύσις),
1118 3449 1149 3506 ού
1167 3474 1221 3525 μη-

118 3548 191 3620 χανὴ
208 3551 278 3604 τοῦτ’
297 3553 380 3618 ἐστὶν,
402 3550 451 3626 ἅμ’
471 3549 516 3607 ὅτε
536 3549 674 3625 πρόκειται
697 3548 770 3612 θεός.

220 3650 253 3701 82
273 3647 405 3717 Sequitur
431 3648 546 3704 Homeri
574 3648 708 3713 defensio,
738 3666 773 3702 ex
800 3665 854 3718 qua
875 3645 1056 3700 memoranda
1084 3664 1110 3716 p.
1122 3649 1169 3700 512¹
1185 3649 1220 3700 28

120 3742 207 3796 Bekk.
224 3739 284 3815 ripa
305 3744 336 3797 dl
362 3742 377 3797 ὁ
405 3741 516 3812 ποιητὴς
540 3741 713 3814 ἀγωνιεῖσθαι
739 3749 871 3810 πεποίηκε
901 3740 949 3796 τὸν
966 3736 1115 3813 ἀκροατήν·
1140 3737 1170 3795 νύ
1191 3760 1217 3797 τε

119 3838 172 3910 γὰρ
189 3836 324 3909 ἀποβῆναι
346 3845 390 3894 καὶ
408 3838 439 3894 τὸ
458 3836 541 3896 πάλιν
558 3845 596 3900 εἰς
613 3839 702 3912 ὀρθὸν
717 3843 809 3896 ἐλθεῖν
827 3839 966 3911 τραγικὸν,
984 3843 1029 3892 καὶ
1042 3839 1089 3892 τοῦ
1102 3841 1215 3907 ποιητοῦ

120 3934 232 4004 ἐπιβολὴ
251 3939 370 4006 ἓνογκος.
389 3935 404 4004 ἡ
426 3917 457 3990 dl
476 3934 550 3996 λύσις
568 3933 617 3990 oia
636 3933 692 3990 rimi
711 3938 845 4008 μηχανῆς.

219 4035 253 4086 83
271 4032 352 4099 Quod
373 4033 402 4086 in
421 4033 512 4102 poetis
531 4031 801 4102 tragioisaffeotavi,
828 4036 860 4085 ut
879 4032 908 4085 in
931 4030 1112 4100 reliquiarum
1135 4030 1218 4083 eolle-

120 4129 213 4183 otione
237 4131 351 4183 omnia
377 4147 447 4198 quae
476 4134 628 4199 supersunt-
653 4121 905 4199 'grammaticorum
921 4127 1025 4181 iudicia
1042 4127 1161 4194 ederem,
1188 4126 1218 4180 id

118 4227 148 4279 in
165 4227 287 4280 Homero
305 4227 432 4296 pluribus
450 4228 484 4281 de
503 4227 593 4282 eausis
611 4244 668 4281 nou
685 4227 872 4280 neeessariam
888 4225 965 4286 duxi,
984 4241 1069 4293 quare
1089 4227 1217 4277 notarum

119 4322 327 4376 llomeriearum
346 4323 497 4392 specimina
516 4327 625 4376 tantum
642 4321 688 4376 hie
708 4322 766 4376 illie
783 4323 810 4375 in
830 4321 1059 4375 annotationibus
1074 4317 1197 4373 exhibui.
