3000 5176
756 309 815 371 128

233 492 293 557 τοῦ
308 487 488 569 Οἰδίποδος
501 487 606 569 σίτοις
618 490 748 577 ἐδέησεν
769 486 856 577 αὕτη]
879 493 931 559 καί
954 498 1011 581 τῆς
1032 493 1066 559 ἐκ
1088 498 1146 580 τῆς
1167 489 1335 581 θυγατρὸς

233 594 479 686 παρακλήσεως,
496 591 565 665 ἄλλ’
585 592 754 686 αὐξήσεως
776 596 868 686 χάριν
890 602 943 667 καί
964 605 1062 668 τοῦτο
1085 603 1271 691 παρείληφε
1292 598 1332 667 τὸ

233 703 418 791 πρόσωπον
439 704 457 773 ά
478 710 663 797 Σοφοκλῆς·
695 702 810 793 σι’μέίει
830 714 906 796 γοῦν
927 708 1013 797 πρὸς
1034 708 1092 778 τδν
1116 710 1225 798 Θησέα
1245 704 1333 777 άπο-

233 818 383 903 κρίνεται,
408 814 454 897 ιῦς
476 819 586 906 ἒκείνιμ
609 821 839 904 πεπεισμένος.

202 941 218 991 5
316 927 357 995 ib.
383 929 462 994 1399
483 930 537 995 καὶ
559 925 639 1017 αὕτη
661 929 796 1015 δευτίρα
818 929 904 996 ἐστὶν
928 925 1041 1016 ὥσπερ
1061 929 1170 1017 δέησις
1191 929 1244 995 καί
1266 954 1330 994 πα-

231 1031 450 1125 θητικιιιτάτη,
472 1037 505 1104 ἐν
527 1041 573 1125 τῷ
595 1030 870 1126 άπολοιγίρεσθαι
894 1031 993 1103 αι’·τδν
1013 1037 1225 1123 τεχναζομὲνη
1242 1032 1330 1102 πάνυ

230 1148 394 1224 πιθανῶς.

314 1258 369 1324 Ai.
386 1259 448 1323 924
469 1250 601 1344 σάξησις
622 1257 699 1342 περί
720 1254 758 1323 τδ
781 1252 896 1336 πάθος
920 1253 966 1336 ώς
985 1259 1039 1324 καὶ
1059 1253 1136 1336 τοίς
1159 1259 1331 1342 δυσμενεῖς

230 1365 340 1432 ἐλεεῖν.

184 1494 217 1544 10
314 1476 441 1542 Phosn.
467 1476 543 1542 1291
574 1476 733 1542 θέλουσαι
763 1464 820 1541 σάν
850 1471 882 1541 αἱ
912 1479 971 1541 τοῦ
999 1479 1099 1561 χοροῦ
1129 1467 1265 1562 αὐξῆσαι
1285 1471 1325 1541 τά

229 1579 344 1663 πάθος
366 1588 467 1650 ταυτα
491 1580 675 1670 ἐπάγουσιν.

313 1693 409 1758 Eum.
439 1695 498 1759 103
527 1732 568 1742 -
599 1689 835 1779 τραγικώτερον
866 1692 901 1758 δὲ
940 1688 978 1758 τδ
1011 1687 1149 1758 εἴδωλον
1184 1693 1328 1758 Κλυται-

226 1797 390 1890 μνήστρας
411 1797 508 1885 σώζει
529 1798 587 1889 τὴν
608 1798 743 1891 σφαγήν.

314 1911 413 1998 Hipp.
435 1912 496 1976 672
529 1906 682 1994 διάγομεν
712 1911 820 1988 δι’καςε
853 1904 1024 1995 μετάγεται
1057 1906 1156 1976 πάλιν
1183 1906 1325 1998 ἡσκηνη

182 2045 214 2095 15
227 2017 275 2098 εἰς
295 2015 440 2103 θάτερον
461 2019 570 2105 μέρος,
592 2020 758 2087 τουτέστιν
781 2019 837 2085 ἐπὶ
864 2015 922 2106 την
945 2023 1002 2106 τῆς
1025 2020 1168 2104 Φαίδρας
1185 2011 1326 2105 άγιιινίαν

226 2127 281 2192 καί
311 2123 370 2214 τὴν
400 2131 459 2194 τοῦ
490 2131 589 2212 χοροῦ
623 2122 850 2211 συμπάθειαν,
888 2123 1110 2213 τραγικώτατα
1144 2126 1191 2206 είς
1225 2118 1325 2194 άλλον

227 2227 338 2302 οἶκτον
358 2232 529 2320 μετιόντος
550 2231 648 2302 πάλιν
669 2239 728 2302 τοῦ
750 2240 900 2323 ποιητοῦ.

326 2475 399 2546 ΤΟ
426 2475 532 2546 ΤΩΝ
561 2473 838 2545 ΔΡΑΜΑΤΩΝ
867 2475 1211 2546 ΠΑΙΔΕΥΤΙΚΟΝ

307 2662 362 2726 Ai.
386 2661 447 2726 646
478 2657 601 2727 ἅπανθ’
634 2657 651 2727 ὁ
685 2657 827 2747 μακράςι
849 2660 1010 2747 ἐξέρχεται
1040 2656 1058 2726 ὁ
1084 2655 1181 2739 Αἴας
1210 2656 1255 2739 ώς
1282 2657 1322 2750 δὴ

176 2769 460 2856 2οκατακηληθείς
482 2765 549 2836 ὑπὸ
565 2765 754 2857 Τεκμὴσσης
772 2765 816 2857 μὴ
839 2765 995 2859 σφάττειν
1016 2765 1141 2854 ἑαυτὸν,
1163 2770 1218 2835 καί
1237 2794 1322 2856 προ-

223 2871 323 2964 φάσει
343 2879 401 2942 τοῦ
431 2877 500 2942 δεῖν
521 2873 568 2954 εἷς
597 2875 730 2963 ἐρημίαν
752 2875 864 2942 ἐλθεῖν
895 2876 949 2942 καὶ
981 2871 1107 2962 κρύψαι
1138 2872 1176 2944 τδ
1208 2878 1320 2967 ξίφος·

223 2985 280 3052 ε’πὶ
300 2980 426 3052 τούτων
445 2977 608 3072 άναχιορεῖ
630 2987 684 3052 καὶ
711 2987 880 3074 διαχρῆται
909 2981 1038 3053 ἔαυτόν·
1075 2987 1253 3073 παρίστησι
1283 2988 1321 3055 δὲ

312 3168 328 3218 2
349 3165 468 3220 sohol.B
490 3168 582 3220 T300
600 3166 803 3238 -δαιμονίως
826 3159 915 3239 ίίμφιο
941 3163 956 3218 ὁ
982 3161 1094 3232 ποιητὴς
1119 3159 1245 3236 τετήρηκε
1274 3167 1321 3218 καὶ

222 3259 314 3322 πάθος
333 3257 508 3334 ἐπαγόμενος
528 3260 574 3315 διὰ
592 3264 639 3315 τοῦ
658 3256 810 3333 προσώπου
827 3263 873 3329 τῆς
890 3262 1046 3333 Βρισηίδος.

311 3361 326 3412 3
344 3361 471 3411 extrema
488 3357 573 3412 verba
591 3376 608 3411 α
625 3357 745 3412 veritate
762 3359 905 3423 oberrant,
926 3356 1001 3426 quod
1016 3355 1129 3426 quidem
1138 3373 1189 3410 nos
1200 3355 1321 3426 legimus

222 3453 322 3524 Oedipi
339 3470 504 3523 responsum
525 3456 594 3508 1204
649 3457 653 3462 ’

455 3555 560 3617 τέκνον,
582 3556 694 3621 βαρεῖαν
712 3546 814 3616 ἡδονὴν
832 3549 926 3603 νικᾶτί
940 3567 977 3620 με

456 3649 593 3716 λέγοντες·
613 3646 684 3698 ἔστω
703 3645 728 3696 δ’
747 3636 797 3698 οὖν
813 3639 889 3703 ὅπως
906 3641 972 3716 ὑμῖν
989 3647 1080 3717 φίλον.

221 3743 292 3812 legit
310 3741 398 3813 igilur
418 3740 569 3796 scholiasta
587 3740 664 3795 aliud
683 3739 757 3809 quid,
777 3739 800 3793 si
819 3743 895 3793 reolo
914 3739 1051 3794 traditum
1070 3744 1114 3794 est
1131 3739 1267 3794 scholion.

291 3840 326 3891 22
346 3840 393 3893 ἐπὶ
409 3832 511 3892 τοάτων
527 3837 610 3892 Br.R
627 3838 675 3890 ἐπὶ
692 3831 795 3895 τούτοις
812 3834 843 3888 L.

345 3936 374 3989 in
391 3953 501 4006 argum.
519 3935 596 3988 Alae.
616 3951 643 4002 p.
652 3935 696 4000 26,
711 3935 745 3985 20
761 3931 843 3986 Dind.
862 3949 918 3985 non
938 3931 1084 3986 dissimilia
1101 3931 1202 3987 horum
1219 3933 1319 4004 legun-

219 4037 280 4087 tur:
299 4037 447 4103 παρίστησι
465 4029 497 4083 δὲ
516 4027 531 4082 ὁ
550 4023 631 4099 λόγος
649 4030 697 4096 τῆς
708 4028 861 4100 τραγῳδίας
878 4023 918 4081 ὅτι
937 4029 966 4088 ἐξ
982 4023 1066 4099 ὀργῆς
1083 4031 1129 4080 καί
1149 4032 1318 4102 φιλονεικίας

219 4132 246 4181 οἱ
262 4122 407 4199 άνθριοποι
427 4122 520 4193 ἥκοιεν
545 4127 592 4180 ἐπὶ
614 4122 647 4179 τὰ
667 4125 775 4178 τοιαῦτα
801 4118 944 4196 νοσήματα
963 4119 1056 4194 ὥσπερ
1075 4123 1090 4177 ὁ
1109 4107 1188 4183 Αἴας.
1228 4126 1315 4179 verbo

219 4224 384 4298 παριστάναι
410 4227 508 4282 eodem
533 4243 616 4280 sensu
637 4240 669 4278 ac
690 4218 832 4278 διδάσκειν
855 4240 921 4276 usus
942 4226 986 4276 est
1004 4222 1155 4277 scholiasta
1173 4223 1259 4277 eliam
1278 4222 1315 4277 od

219 4324 296 4379 Pers.
306 4343 330 4378 v.
343 4325 401 4378 296.
486 4340 494 4349 ·
