<?xml version="1.0" encoding="UTF-8"?>
<!DOCTYPE html PUBLIC "-//W3C//DTD XHTML 1.0 Transitional//EN"
    "http://www.w3.org/TR/xhtml1/DTD/xhtml1-transitional.dtd">
<html xmlns="http://www.w3.org/1999/xhtml" xml:lang="en" lang="en">
 <head>
  <title>
</title>
<meta http-equiv="Content-Type" content="text/html;charset=utf-8" />
  <meta name='ocr-system' content='tesseract 3.04.00' />
  <meta name='ocr-capabilities' content='ocr_page ocr_carea ocr_par ocr_line ocrx_word'/>
</head>
<body>
  <div class='ocr_page' id='page_1' title='image "./grammaticorvmgr00trengoog_0039.png"; bbox 0 0 3000 5176; ppageno 0'>
   <div class='ocr_carea' id='block_1_1' title="bbox 704 323 745 384">
    <p class='ocr_par' dir='ltr' id='par_1_1' title="bbox 704 323 745 384">
     <span class='ocr_line' id='line_1_1' title="bbox 704 323 745 384; baseline 0 0"><span class='ocrx_word' id='word_1_1' title='bbox 704 323 745 384; x_wconf 77' lang='grc'>26</span> 
     </span>
    </p>
   </div>
   <div class='ocr_carea' id='block_1_2' title="bbox 98 503 1368 4421">
    <p class='ocr_par' dir='ltr' id='par_1_2' title="bbox 98 503 1364 2450">
     <span class='ocr_line' id='line_1_2' title="bbox 178 503 1274 591; baseline 0.001 -24"><span class='ocrx_word' id='word_1_2' title='bbox 178 503 210 568; x_wconf 89' lang='lat' dir='ltr'>in</span> <span class='ocrx_word' id='word_1_3' title='bbox 233 506 389 591; x_wconf 71' lang='lat' dir='ltr'>patriam!</span> <span class='ocrx_word' id='word_1_4' title='bbox 442 507 468 572; x_wconf 92' lang='lat' dir='ltr'>si</span> <span class='ocrx_word' id='word_1_5' title='bbox 501 505 632 569; x_wconf 91' lang='lat' dir='ltr'>domum</span> <span class='ocrx_word' id='word_1_6' title='bbox 665 504 800 571; x_wconf 89' lang='lat' dir='ltr'>redierit</span> <span class='ocrx_word' id='word_1_7' title='bbox 824 503 957 570; x_wconf 88' lang='lat' dir='ltr'>maritus</span> <span class='ocrx_word' id='word_1_8' title='bbox 979 504 1111 571; x_wconf 77' lang='lat' dir='ltr'>necabit</span> <span class='ocrx_word' id='word_1_9' title='bbox 1133 524 1185 568; x_wconf 89' lang='lat' dir='ltr'>me</span> <span class='ocrx_word' id='word_1_10' title='bbox 1209 511 1274 568; x_wconf 92' lang='lat' dir='ltr'>tur-</span> 
     </span>
     <span class='ocr_line' id='line_1_3' title="bbox 178 612 1275 700; baseline 0.001 -23"><span class='ocrx_word' id='word_1_11' title='bbox 178 612 311 700; x_wconf 86' lang='lat' dir='ltr'>pissime</span> <span class='ocrx_word' id='word_1_12' title='bbox 344 623 399 680; x_wconf 86' lang='lat' dir='ltr'>aut</span> <span class='ocrx_word' id='word_1_13' title='bbox 436 615 626 681; x_wconf 85' lang='lat' dir='ltr'>servitutem</span> <span class='ocrx_word' id='word_1_14' title='bbox 657 614 787 679; x_wconf 83' lang='lat' dir='ltr'><strong>servibo</strong></span> <span class='ocrx_word' id='word_1_15' title='bbox 820 615 983 693; x_wconf 88' lang='lat' dir='ltr'>aemulae,</span> <span class='ocrx_word' id='word_1_16' title='bbox 1019 614 1109 678; x_wconf 90' lang='lat' dir='ltr'>cuius</span> <span class='ocrx_word' id='word_1_17' title='bbox 1142 613 1275 679; x_wconf 88' lang='lat' dir='ltr'>domina</span> 
     </span>
     <span class='ocr_line' id='line_1_4' title="bbox 178 722 1274 811; baseline 0.001 -25"><span class='ocrx_word' id='word_1_18' title='bbox 178 744 265 787; x_wconf 89' lang='lat' dir='ltr'>eram</span> <span class='ocrx_word' id='word_1_19' title='bbox 290 733 393 789; x_wconf 88' lang='lat' dir='ltr'>antea.</span> <span class='ocrx_word' id='word_1_20' title='bbox 435 734 468 789; x_wconf 88' lang='lat' dir='ltr'>et</span> <span class='ocrx_word' id='word_1_21' title='bbox 501 747 560 789; x_wconf 90' lang='lat' dir='ltr'>eur</span> <span class='ocrx_word' id='word_1_22' title='bbox 582 722 741 811; x_wconf 74' lang='lat' dir='ltr'>peccavi?</span> <span class='ocrx_word' id='word_1_23' title='bbox 792 723 1007 810; x_wconf 89' lang='lat' dir='ltr'>perdiderunt</span> <span class='ocrx_word' id='word_1_24' title='bbox 1030 746 1081 789; x_wconf 89' lang='lat' dir='ltr'>me</span> <span class='ocrx_word' id='word_1_25' title='bbox 1111 723 1274 808; x_wconf 79' lang='lat' dir='ltr'>malignae</span> 
     </span>
     <span class='ocr_line' id='line_1_5' title="bbox 177 831 1274 902; baseline 0.003 -6"><span class='ocrx_word' id='word_1_26' title='bbox 177 831 332 902; x_wconf 89' lang='lat' dir='ltr'>mulieres</span> <span class='ocrx_word' id='word_1_27' title='bbox 363 833 397 898; x_wconf 90' lang='lat' dir='ltr'>ia</span> <span class='ocrx_word' id='word_1_28' title='bbox 419 832 685 898; x_wconf 85' lang='lat' dir='ltr'>Andromacham</span> <span class='ocrx_word' id='word_1_29' title='bbox 708 855 760 897; x_wconf 90' lang='lat' dir='ltr'>me</span> <span class='ocrx_word' id='word_1_30' title='bbox 789 831 910 898; x_wconf 86' lang='lat' dir='ltr'>dolosis</span> <span class='ocrx_word' id='word_1_31' title='bbox 943 832 1125 898; x_wconf 80' lang='lat' dir='ltr'>excitantes</span> <span class='ocrx_word' id='word_1_32' title='bbox 1154 831 1274 899; x_wconf 87' lang='lat' dir='ltr'>verbis.</span> 
     </span>
     <span class='ocr_line' id='line_1_6' title="bbox 178 941 1275 1029; baseline 0.001 -24"><span class='ocrx_word' id='word_1_33' title='bbox 178 963 313 1025; x_wconf 88' lang='lat' dir='ltr'>quarum</span> <span class='ocrx_word' id='word_1_34' title='bbox 328 941 521 1028; x_wconf 84' lang='lat' dir='ltr'>perniciosis</span> <span class='ocrx_word' id='word_1_35' title='bbox 539 942 684 1008; x_wconf 89' lang='lat' dir='ltr'>consiliis</span> <span class='ocrx_word' id='word_1_36' title='bbox 698 942 905 1008; x_wconf 87' lang='lat' dir='ltr'>obedientem</span> <span class='ocrx_word' id='word_1_37' title='bbox 929 964 981 1008; x_wconf 91' lang='lat' dir='ltr'>me</span> <span class='ocrx_word' id='word_1_38' title='bbox 997 953 1165 1029; x_wconf 85' lang='lat' dir='ltr'>praestans</span> <span class='ocrx_word' id='word_1_39' title='bbox 1186 941 1275 1009; x_wconf 91' lang='lat' dir='ltr'>omni</span> 
     </span>
     <span class='ocr_line' id='line_1_7' title="bbox 177 1049 1276 1138; baseline 0.001 -24"><span class='ocrx_word' id='word_1_40' title='bbox 177 1049 287 1138; x_wconf 90' lang='lat' dir='ltr'>priore</span> <span class='ocrx_word' id='word_1_41' title='bbox 323 1050 455 1114; x_wconf 88' lang='lat' dir='ltr'>fortuna</span> <span class='ocrx_word' id='word_1_42' title='bbox 477 1073 547 1115; x_wconf 89' lang='lat' dir='ltr'>sum</span> <span class='ocrx_word' id='word_1_43' title='bbox 576 1049 712 1138; x_wconf 87' lang='lat' dir='ltr'>privata.</span> <span class='ocrx_word' id='word_1_44' title='bbox 758 1072 869 1135; x_wconf 85' lang='lat' dir='ltr'>quare,</span> <span class='ocrx_word' id='word_1_45' title='bbox 889 1073 953 1116; x_wconf 91' lang='lat' dir='ltr'>non</span> <span class='ocrx_word' id='word_1_46' title='bbox 978 1051 1081 1115; x_wconf 87' lang='lat' dir='ltr'>semel</span> <span class='ocrx_word' id='word_1_47' title='bbox 1102 1051 1187 1133; x_wconf 91' lang='lat' dir='ltr'>dico,</span> <span class='ocrx_word' id='word_1_48' title='bbox 1208 1073 1276 1115; x_wconf 88' lang='lat' dir='ltr'>ma-</span> 
     </span>
     <span class='ocr_line' id='line_1_8' title="bbox 177 1159 1275 1247; baseline 0.001 -24"><span class='ocrx_word' id='word_1_49' title='bbox 177 1160 242 1241; x_wconf 89' lang='lat' dir='ltr'>riti,</span> <span class='ocrx_word' id='word_1_50' title='bbox 278 1161 331 1247; x_wconf 89' lang='lat' dir='ltr'>qni</span> <span class='ocrx_word' id='word_1_51' title='bbox 366 1160 499 1244; x_wconf 89' lang='lat' dir='ltr'>quidem</span> <span class='ocrx_word' id='word_1_52' title='bbox 541 1170 617 1225; x_wconf 89' lang='lat' dir='ltr'>sunt</span> <span class='ocrx_word' id='word_1_53' title='bbox 648 1159 837 1246; x_wconf 77' lang='lat' dir='ltr'>prudentae,</span> <span class='ocrx_word' id='word_1_54' title='bbox 873 1182 940 1224; x_wconf 90' lang='lat' dir='ltr'>non</span> <span class='ocrx_word' id='word_1_55' title='bbox 970 1159 1091 1226; x_wconf 87' lang='lat' dir='ltr'>debent</span> <span class='ocrx_word' id='word_1_56' title='bbox 1118 1160 1275 1226; x_wconf 90' lang='lat' dir='ltr'>mulieres</span> 
     </span>
     <span class='ocr_line' id='line_1_9' title="bbox 177 1261 1273 1356; baseline 0.001 -23"><span class='ocrx_word' id='word_1_57' title='bbox 177 1268 312 1333; x_wconf 86' lang='lat' dir='ltr'>aedibus</span> <span class='ocrx_word' id='word_1_58' title='bbox 347 1267 512 1356; x_wconf 80' lang='lat' dir='ltr'>excipere,</span> <span class='ocrx_word' id='word_1_59' title='bbox 550 1292 625 1333; x_wconf 88' lang='lat' dir='ltr'>nam</span> <span class='ocrx_word' id='word_1_60' title='bbox 659 1268 719 1332; x_wconf 88' lang='lat' dir='ltr'>hae</span> <span class='ocrx_word' id='word_1_61' title='bbox 753 1268 913 1333; x_wconf 86' lang='lat' dir='ltr'>malorum</span> <span class='ocrx_word' id='word_1_62' title='bbox 944 1261 1155 1352; x_wconf 83' lang='lat' dir='ltr'>magistrael’</span> <span class='ocrx_word' id='word_1_63' title='bbox 1198 1292 1273 1334; x_wconf 89' lang='lat' dir='ltr'>num</span> 
     </span>
     <span class='ocr_line' id='line_1_10' title="bbox 178 1378 1274 1462; baseline 0.001 -21"><span class='ocrx_word' id='word_1_64' title='bbox 178 1378 256 1442; x_wconf 88' lang='lat' dir='ltr'>talia</span> <span class='ocrx_word' id='word_1_65' title='bbox 278 1378 412 1462; x_wconf 86' lang='lat' dir='ltr'>reginae</span> <span class='ocrx_word' id='word_1_66' title='bbox 434 1387 511 1442; x_wconf 90' lang='lat' dir='ltr'>sunt</span> <span class='ocrx_word' id='word_1_67' title='bbox 532 1401 573 1443; x_wconf 85' lang='lat' dir='ltr'>an</span> <span class='ocrx_word' id='word_1_68' title='bbox 597 1378 812 1443; x_wconf 87' lang='lat' dir='ltr'>mulierculae</span> <span class='ocrx_word' id='word_1_69' title='bbox 837 1378 953 1443; x_wconf 91' lang='lat' dir='ltr'>misere</span> <span class='ocrx_word' id='word_1_70' title='bbox 968 1378 1085 1444; x_wconf 84' lang='lat' dir='ltr'>anxiae</span> <span class='ocrx_word' id='word_1_71' title='bbox 1109 1388 1143 1443; x_wconf 87' lang='lat' dir='ltr'>et</span> <span class='ocrx_word' id='word_1_72' title='bbox 1164 1403 1182 1444; x_wconf 93' lang='lat' dir='ltr'>a</span> <span class='ocrx_word' id='word_1_73' title='bbox 1204 1402 1274 1443; x_wconf 91' lang='lat' dir='ltr'>ma-</span> 
     </span>
     <span class='ocr_line' id='line_1_11' title="bbox 178 1486 1277 1574; baseline 0.001 -23"><span class='ocrx_word' id='word_1_74' title='bbox 178 1489 241 1552; x_wconf 89' lang='lat' dir='ltr'>rito</span> <span class='ocrx_word' id='word_1_75' title='bbox 266 1489 403 1552; x_wconf 86' lang='lat' dir='ltr'>verbera</span> <span class='ocrx_word' id='word_1_76' title='bbox 440 1486 728 1574; x_wconf 76' lang='lat' dir='ltr'>pertimescentis?</span> <span class='ocrx_word' id='word_1_77' title='bbox 771 1487 875 1551; x_wconf 90' lang='lat' dir='ltr'>nihilo</span> <span class='ocrx_word' id='word_1_78' title='bbox 905 1487 1021 1554; x_wconf 89' lang='lat' dir='ltr'>melius</span> <span class='ocrx_word' id='word_1_79' title='bbox 1045 1509 1099 1552; x_wconf 87' lang='lat' dir='ltr'>res</span> <span class='ocrx_word' id='word_1_80' title='bbox 1122 1488 1277 1554; x_wconf 91' lang='lat' dir='ltr'>sehabet</span> 
     </span>
     <span class='ocr_line' id='line_1_12' title="bbox 178 1595 1364 1684; baseline 0 -24"><span class='ocrx_word' id='word_1_81' title='bbox 178 1596 211 1662; x_wconf 91' lang='lat' dir='ltr'>in</span> <span class='ocrx_word' id='word_1_82' title='bbox 235 1617 396 1680; x_wconf 89' lang='lat' dir='ltr'>sermone,</span> <span class='ocrx_word' id='word_1_83' title='bbox 420 1618 484 1682; x_wconf 90' lang='lat' dir='ltr'>qno</span> <span class='ocrx_word' id='word_1_84' title='bbox 516 1597 550 1660; x_wconf 92' lang='lat' dir='ltr'>in</span> <span class='ocrx_word' id='word_1_85' title='bbox 578 1596 683 1684; x_wconf 90' lang='lat' dir='ltr'>ipsam</span> <span class='ocrx_word' id='word_1_86' title='bbox 708 1595 974 1662; x_wconf 87' lang='lat' dir='ltr'>Andromacham</span> <span class='ocrx_word' id='word_1_87' title='bbox 1004 1596 1169 1661; x_wconf 89' lang='lat' dir='ltr'>invehitur</span> <span class='ocrx_word' id='word_1_88' title='bbox 1189 1597 1275 1662; x_wconf 88' lang='lat' dir='ltr'>Her·</span> <span class='ocrx_word' id='word_1_89' title='bbox 1362 1626 1364 1630; x_wconf 49' lang='lat'><em>⁴</em></span> 
     </span>
     <span class='ocr_line' id='line_1_13' title="bbox 98 1692 1272 1793; baseline 0.003 -25"><span class='ocrx_word' id='word_1_90' title='bbox 98 1692 105 1704; x_wconf 69' lang='grc'><strong>’</strong></span> <span class='ocrx_word' id='word_1_91' title='bbox 180 1705 299 1770; x_wconf 90' lang='lat' dir='ltr'>miona.</span> <span class='ocrx_word' id='word_1_92' title='bbox 342 1727 425 1793; x_wconf 91' lang='lat' dir='ltr'>quae</span> <span class='ocrx_word' id='word_1_93' title='bbox 448 1705 630 1788; x_wconf 85' lang='lat' dir='ltr'>excogitari</span> <span class='ocrx_word' id='word_1_94' title='bbox 660 1715 783 1792; x_wconf 89' lang='lat' dir='ltr'>queunt</span> <span class='ocrx_word' id='word_1_95' title='bbox 804 1705 981 1793; x_wconf 90' lang='lat' dir='ltr'>opprobria</span> <span class='ocrx_word' id='word_1_96' title='bbox 1004 1705 1176 1771; x_wconf 87' lang='lat' dir='ltr'>maledicta</span> <span class='ocrx_word' id='word_1_97' title='bbox 1198 1728 1272 1771; x_wconf 85' lang='lat' dir='ltr'>con·</span> 
     </span>
     <span class='ocr_line' id='line_1_14' title="bbox 179 1813 1275 1897; baseline 0.002 -20"><span class='ocrx_word' id='word_1_98' title='bbox 179 1813 276 1897; x_wconf 89' lang='lat' dir='ltr'>vicia,</span> <span class='ocrx_word' id='word_1_99' title='bbox 304 1815 386 1879; x_wconf 90' lang='lat' dir='ltr'>haec</span> <span class='ocrx_word' id='word_1_100' title='bbox 412 1813 445 1878; x_wconf 92' lang='lat' dir='ltr'>in</span> <span class='ocrx_word' id='word_1_101' title='bbox 477 1835 548 1878; x_wconf 89' lang='lat' dir='ltr'>eam</span> <span class='ocrx_word' id='word_1_102' title='bbox 578 1814 696 1879; x_wconf 86' lang='lat' dir='ltr'>fundit.</span> <span class='ocrx_word' id='word_1_103' title='bbox 752 1814 1006 1880; x_wconf 86' lang='lat' dir='ltr'>Andromacha-e</span> <span class='ocrx_word' id='word_1_104' title='bbox 1025 1814 1275 1880; x_wconf 83' lang='lat' dir='ltr'>incantamentis</span> 
     </span>
     <span class='ocr_line' id='line_1_15' title="bbox 180 1924 1275 2012; baseline 0 -23"><span class='ocrx_word' id='word_1_105' title='bbox 180 1924 337 1989; x_wconf 87' lang='lat' dir='ltr'>effectum</span> <span class='ocrx_word' id='word_1_106' title='bbox 354 1945 437 2009; x_wconf 88' lang='lat' dir='ltr'>esse,</span> <span class='ocrx_word' id='word_1_107' title='bbox 457 1935 492 1988; x_wconf 90' lang='lat' dir='ltr'>ut</span> <span class='ocrx_word' id='word_1_108' title='bbox 506 1924 610 1989; x_wconf 85' lang='lat' dir='ltr'>invisa</span> <span class='ocrx_word' id='word_1_109' title='bbox 631 1924 700 2010; x_wconf 88' lang='lat' dir='ltr'>ipsa</span> <span class='ocrx_word' id='word_1_110' title='bbox 715 1934 802 1989; x_wconf 90' lang='lat' dir='ltr'>esset</span> <span class='ocrx_word' id='word_1_111' title='bbox 821 1925 950 2009; x_wconf 87' lang='lat' dir='ltr'>marito,</span> <span class='ocrx_word' id='word_1_112' title='bbox 971 1935 1009 1990; x_wconf 91' lang='lat' dir='ltr'>ut</span> <span class='ocrx_word' id='word_1_113' title='bbox 1021 1925 1090 1990; x_wconf 85' lang='lat' dir='ltr'>fetu</span> <span class='ocrx_word' id='word_1_114' title='bbox 1111 1948 1177 1990; x_wconf 90' lang='lat' dir='ltr'>non</span> <span class='ocrx_word' id='word_1_115' title='bbox 1202 1948 1275 2012; x_wconf 84' lang='lat' dir='ltr'>gra·</span> 
     </span>
     <span class='ocr_line' id='line_1_16' title="bbox 179 2033 1276 2122; baseline 0.002 -26"><span class='ocrx_word' id='word_1_116' title='bbox 179 2044 328 2099; x_wconf 86' lang='lat' dir='ltr'>vesceret</span> <span class='ocrx_word' id='word_1_117' title='bbox 349 2043 473 2099; x_wconf 88' lang='lat' dir='ltr'>venter.</span> <span class='ocrx_word' id='word_1_118' title='bbox 519 2043 551 2097; x_wconf 89' lang='lat' dir='ltr'>at</span> <span class='ocrx_word' id='word_1_119' title='bbox 572 2033 719 2097; x_wconf 88' lang='lat' dir='ltr'>daturam</span> <span class='ocrx_word' id='word_1_120' title='bbox 742 2055 814 2098; x_wconf 89' lang='lat' dir='ltr'>esse</span> <span class='ocrx_word' id='word_1_121' title='bbox 829 2033 1097 2100; x_wconf 84' lang='lat' dir='ltr'>Andromacham</span> <span class='ocrx_word' id='word_1_122' title='bbox 1119 2033 1276 2122; x_wconf 81' lang='lat' dir='ltr'>gravissi-</span> 
     </span>
     <span class='ocr_line' id='line_1_17' title="bbox 179 2143 1276 2233; baseline 0 -25"><span class='ocrx_word' id='word_1_123' title='bbox 179 2168 262 2208; x_wconf 90' lang='lat' dir='ltr'>mam</span> <span class='ocrx_word' id='word_1_124' title='bbox 291 2167 440 2233; x_wconf 90' lang='lat' dir='ltr'>poonam.</span> <span class='ocrx_word' id='word_1_125' title='bbox 495 2154 563 2208; x_wconf 89' lang='lat' dir='ltr'>tum</span> <span class='ocrx_word' id='word_1_126' title='bbox 592 2152 762 2209; x_wconf 90' lang='lat' dir='ltr'>enumerat</span> <span class='ocrx_word' id='word_1_127' title='bbox 792 2143 972 2225; x_wconf 90' lang='lat' dir='ltr'>cruciatus,</span> <span class='ocrx_word' id='word_1_128' title='bbox 1005 2143 1121 2228; x_wconf 89' lang='lat' dir='ltr'>quibus</span> <span class='ocrx_word' id='word_1_129' title='bbox 1144 2144 1276 2209; x_wconf 86' lang='lat' dir='ltr'>afficere</span> 
     </span>
     <span class='ocr_line' id='line_1_18' title="bbox 178 2252 1276 2342; baseline 0.003 -27"><span class='ocrx_word' id='word_1_130' title='bbox 178 2254 258 2319; x_wconf 86' lang='lat' dir='ltr'>volit</span> <span class='ocrx_word' id='word_1_131' title='bbox 282 2255 456 2338; x_wconf 82' lang='lat' dir='ltr'>aemulam,</span> <span class='ocrx_word' id='word_1_132' title='bbox 480 2265 511 2319; x_wconf 89' lang='lat' dir='ltr'>at</span> <span class='ocrx_word' id='word_1_133' title='bbox 534 2263 735 2342; x_wconf 92' lang='lat' dir='ltr'>postremum</span> <span class='ocrx_word' id='word_1_134' title='bbox 767 2253 847 2317; x_wconf 87' lang='lat' dir='ltr'>haec</span> <span class='ocrx_word' id='word_1_135' title='bbox 873 2252 1019 2318; x_wconf 86' lang='lat' dir='ltr'>inaudita</span> <span class='ocrx_word' id='word_1_136' title='bbox 1044 2253 1219 2340; x_wconf 88' lang='lat' dir='ltr'>opprobria</span> <span class='ocrx_word' id='word_1_137' title='bbox 1241 2252 1276 2318; x_wconf 92' lang='lat' dir='ltr'>in</span> 
     </span>
     <span class='ocr_line' id='line_1_19' title="bbox 175 2358 926 2450; baseline -0.001 -22"><span class='ocrx_word' id='word_1_138' title='bbox 175 2359 362 2429; x_wconf 79' lang='lat' dir='ltr'>‘barbarum</span> <span class='ocrx_word' id='word_1_139' title='bbox 386 2358 502 2449; x_wconf 85' lang='lat' dir='ltr'>genus’</span> <span class='ocrx_word' id='word_1_140' title='bbox 525 2364 667 2429; x_wconf 90' lang='lat' dir='ltr'>cumulat</span> <span class='ocrx_word' id='word_1_141' title='bbox 691 2365 734 2447; x_wconf 84' lang='lat' dir='ltr'>(v.</span> <span class='ocrx_word' id='word_1_142' title='bbox 752 2365 811 2428; x_wconf 71' lang='lat'>173</span> <span class='ocrx_word' id='word_1_143' title='bbox 823 2367 926 2450; x_wconf 83' lang='lat' dir='ltr'>sqq.):</span> 
     </span>
    </p>

    <p class='ocr_par' dir='ltr' id='par_1_3' title="bbox 320 2468 1098 2561">
     <span class='ocr_line' id='line_1_20' title="bbox 320 2468 1098 2561; baseline 0.003 -25"><span class='ocrx_word' id='word_1_144' title='bbox 320 2468 428 2561; x_wconf 73' lang='grc' dir='ltr'><strong><em>πατήρ</em></strong></span> <span class='ocrx_word' id='word_1_145' title='bbox 453 2498 489 2539; x_wconf 81' lang='grc' dir='ltr'>,οε</span> <span class='ocrx_word' id='word_1_146' title='bbox 511 2473 650 2559; x_wconf 71' lang='grc' dir='ltr'>θυγατρὶ</span> <span class='ocrx_word' id='word_1_147' title='bbox 672 2476 753 2550; x_wconf 79' lang='grc' dir='ltr'><strong><em>παῖς</em></strong></span> <span class='ocrx_word' id='word_1_148' title='bbox 773 2497 809 2537; x_wconf 81' lang='grc' dir='ltr'>τε</span> <span class='ocrx_word' id='word_1_149' title='bbox 831 2471 928 2558; x_wconf 76' lang='grc' dir='ltr'><strong><em>μητρὶ</em></strong></span> <span class='ocrx_word' id='word_1_150' title='bbox 950 2471 1098 2558; x_wconf 76' lang='grc' dir='ltr'><em>μίγνυται</em></span> 
     </span>
    </p>

    <p class='ocr_par' dir='ltr' id='par_1_4' title="bbox 318 2571 1095 2669">
     <span class='ocr_line' id='line_1_21' title="bbox 318 2571 1095 2669; baseline 0.003 -26"><span class='ocrx_word' id='word_1_151' title='bbox 318 2575 397 2665; x_wconf 81' lang='grc' dir='ltr'><strong><em>κόρη</em></strong></span> <span class='ocrx_word' id='word_1_152' title='bbox 419 2581 446 2643; x_wconf 81' lang='grc' dir='ltr'>τ’</span> <span class='ocrx_word' id='word_1_153' title='bbox 471 2571 612 2669; x_wconf 76' lang='grc' dir='ltr'>οἷδελφῴ,</span> <span class='ocrx_word' id='word_1_154' title='bbox 634 2574 687 2644; x_wconf 83' lang='grc' dir='ltr'>διὰ</span> <span class='ocrx_word' id='word_1_155' title='bbox 709 2573 814 2667; x_wconf 84' lang='grc' dir='ltr'><strong><em>φόνου</em></strong></span> <span class='ocrx_word' id='word_1_156' title='bbox 837 2579 864 2643; x_wconf 90' lang='grc' dir='ltr'>δ’</span> <span class='ocrx_word' id='word_1_157' title='bbox 889 2574 919 2643; x_wconf 84' lang='lat' dir='ltr'>oi</span> <span class='ocrx_word' id='word_1_158' title='bbox 942 2579 1095 2668; x_wconf 78' lang='grc' dir='ltr'><strong><em>φίλτατοι</em></strong></span> 
     </span>
    </p>

    <p class='ocr_par' dir='ltr' id='par_1_5' title="bbox 178 2671 1279 3430">
     <span class='ocr_line' id='line_1_22' title="bbox 318 2671 1062 2774; baseline 0.003 -23"><span class='ocrx_word' id='word_1_159' title='bbox 318 2691 470 2771; x_wconf 79' lang='grc' dir='ltr'><strong><em>χωροῦσι,</em></strong></span> <span class='ocrx_word' id='word_1_160' title='bbox 493 2671 547 2754; x_wconf 70' lang='grc' dir='ltr'>ναὶ</span> <span class='ocrx_word' id='word_1_161' title='bbox 570 2689 664 2753; x_wconf 77' lang='grc' dir='ltr'><em>τῶνδ’</em></span> <span class='ocrx_word' id='word_1_162' title='bbox 688 2680 781 2754; x_wconf 73' lang='grc' dir='ltr'><em>οὐδὲν</em></span> <span class='ocrx_word' id='word_1_163' title='bbox 803 2688 936 2774; x_wconf 81' lang='grc' dir='ltr'><em>ἐξείργει</em></span> <span class='ocrx_word' id='word_1_164' title='bbox 953 2683 1062 2771; x_wconf 84' lang='grc' dir='ltr'><strong><em>νόμος.</em></strong></span> 
     </span>
     <span class='ocr_line' id='line_1_23' title="bbox 180 2796 1275 2883; baseline 0.003 -24"><span class='ocrx_word' id='word_1_165' title='bbox 180 2797 251 2882; x_wconf 90' lang='lat' dir='ltr'>quis</span> <span class='ocrx_word' id='word_1_166' title='bbox 275 2797 315 2862; x_wconf 90' lang='lat' dir='ltr'>dc</span> <span class='ocrx_word' id='word_1_167' title='bbox 339 2798 396 2862; x_wconf 88' lang='lat' dir='ltr'>tali</span> <span class='ocrx_word' id='word_1_168' title='bbox 417 2797 554 2883; x_wconf 86' lang='lat' dir='ltr'>reginae</span> <span class='ocrx_word' id='word_1_169' title='bbox 577 2797 776 2861; x_wconf 85' lang='lat' dir='ltr'>Hermionae</span> <span class='ocrx_word' id='word_1_170' title='bbox 800 2796 945 2862; x_wconf 88' lang='lat' dir='ltr'>oratioue</span> <span class='ocrx_word' id='word_1_171' title='bbox 967 2797 1127 2864; x_wconf 89' lang='lat' dir='ltr'>iudicasse</span> <span class='ocrx_word' id='word_1_172' title='bbox 1147 2797 1275 2863; x_wconf 88' lang='lat' dir='ltr'>Aristo·</span> 
     </span>
     <span class='ocr_line' id='line_1_24' title="bbox 178 2898 1275 2994; baseline 0.004 -24"><span class='ocrx_word' id='word_1_173' title='bbox 178 2908 318 2993; x_wconf 90' lang='lat' dir='ltr'>phanem</span> <span class='ocrx_word' id='word_1_174' title='bbox 335 2907 396 2972; x_wconf 88' lang='lat' dir='ltr'>sibi</span> <span class='ocrx_word' id='word_1_175' title='bbox 420 2906 628 2994; x_wconf 84' lang='lat' dir='ltr'>persuadeat:</span> <span class='ocrx_word' id='word_1_176' title='bbox 653 2905 707 2971; x_wconf 86' lang='grc' dir='ltr'>καὶ</span> <span class='ocrx_word' id='word_1_177' title='bbox 728 2903 746 2972; x_wconf 90' lang='grc' dir='ltr'><strong><em>ό</em></strong></span> <span class='ocrx_word' id='word_1_178' title='bbox 769 2901 854 2991; x_wconf 83' lang='grc' dir='ltr'><strong><em>πρός</em></strong></span> <span class='ocrx_word' id='word_1_179' title='bbox 874 2898 1097 2994; x_wconf 78' lang='grc' dir='ltr'><em>Ἀνδρομάχην</em></span> <span class='ocrx_word' id='word_1_180' title='bbox 1117 2903 1213 2994; x_wconf 79' lang='grc' dir='ltr'><strong><em>λόγος</em></strong></span> <span class='ocrx_word' id='word_1_181' title='bbox 1235 2900 1275 2974; x_wconf 80' lang='grc' dir='ltr'>οὗ</span> 
     </span>
     <span class='ocr_line' id='line_1_25' title="bbox 178 3012 1277 3104; baseline 0.001 -24"><span class='ocrx_word' id='word_1_182' title='bbox 178 3019 284 3094; x_wconf 81' lang='grc' dir='ltr'><strong><em>κακῶς</em></strong></span> <span class='ocrx_word' id='word_1_183' title='bbox 314 3012 420 3098; x_wconf 74' lang='grc' dir='ltr'><em>ἔχωνῖ</em></span> <span class='ocrx_word' id='word_1_184' title='bbox 473 3026 508 3079; x_wconf 90' lang='lat' dir='ltr'>ut</span> <span class='ocrx_word' id='word_1_185' title='bbox 541 3015 692 3100; x_wconf 91' lang='lat' dir='ltr'>equidem</span> <span class='ocrx_word' id='word_1_186' title='bbox 723 3015 849 3080; x_wconf 87' lang='lat' dir='ltr'>restitui</span> <span class='ocrx_word' id='word_1_187' title='bbox 882 3027 1110 3099; x_wconf 84' lang='lat' dir='ltr'>argumentum</span> <span class='ocrx_word' id='word_1_188' title='bbox 1142 3026 1277 3104; x_wconf 88' lang='lat' dir='ltr'>recepta</span> 
     </span>
     <span class='ocr_line' id='line_1_26' title="bbox 180 3115 1279 3212; baseline 0.001 -22"><span class='ocrx_word' id='word_1_189' title='bbox 180 3126 252 3190; x_wconf 90' lang='lat' dir='ltr'>cod.</span> <span class='ocrx_word' id='word_1_190' title='bbox 277 3126 346 3191; x_wconf 89' lang='lat' dir='ltr'>Pal.</span> <span class='ocrx_word' id='word_1_191' title='bbox 370 3125 401 3192; x_wconf 91' lang='lat' dir='ltr'><strong>G</strong></span> <span class='ocrx_word' id='word_1_192' title='bbox 424 3123 586 3212; x_wconf 88' lang='lat' dir='ltr'>scriptura</span> <span class='ocrx_word' id='word_1_193' title='bbox 614 3119 632 3189; x_wconf 88' lang='grc' dir='ltr'><strong><em>ό</em></strong></span> <span class='ocrx_word' id='word_1_194' title='bbox 661 3119 748 3207; x_wconf 74' lang='grc' dir='ltr'><strong><em>πρός</em></strong></span> <span class='ocrx_word' id='word_1_195' title='bbox 775 3115 999 3211; x_wconf 72' lang='grc' dir='ltr'><em>Ἀνδρομάχην</em></span> <span class='ocrx_word' id='word_1_196' title='bbox 1030 3120 1126 3210; x_wconf 74' lang='grc' dir='ltr'><strong><em>λόγος</em></strong></span> <span class='ocrx_word' id='word_1_197' title='bbox 1159 3123 1197 3191; x_wconf 83' lang='grc' dir='ltr'>οδ</span> <span class='ocrx_word' id='word_1_198' title='bbox 1217 3151 1279 3191; x_wconf 85' lang='grc' dir='ltr'>κα-</span> 
     </span>
     <span class='ocr_line' id='line_1_27' title="bbox 179 3230 1276 3321; baseline 0.001 -21"><span class='ocrx_word' id='word_1_199' title='bbox 179 3237 261 3313; x_wconf 80' lang='grc' dir='ltr'>λῶς</span> <span class='ocrx_word' id='word_1_200' title='bbox 282 3230 366 3316; x_wconf 74' lang='grc' dir='ltr'><em>ἔχων</em></span> <span class='ocrx_word' id='word_1_201' title='bbox 388 3244 420 3300; x_wconf 90' lang='lat' dir='ltr'>et</span> <span class='ocrx_word' id='word_1_202' title='bbox 443 3244 564 3298; x_wconf 89' lang='lat' dir='ltr'>mutata</span> <span class='ocrx_word' id='word_1_203' title='bbox 584 3257 678 3316; x_wconf 86' lang='lat' dir='ltr'>voce,</span> <span class='ocrx_word' id='word_1_204' title='bbox 711 3257 807 3319; x_wconf 84' lang='lat' dir='ltr'>quam</span> <span class='ocrx_word' id='word_1_205' title='bbox 831 3255 969 3299; x_wconf 88' lang='lat' dir='ltr'>omnes</span> <span class='ocrx_word' id='word_1_206' title='bbox 997 3236 1155 3320; x_wconf 87' lang='lat' dir='ltr'>praebent</span> <span class='ocrx_word' id='word_1_207' title='bbox 1187 3236 1276 3321; x_wconf 90' lang='lat' dir='ltr'>libri,</span> 
     </span>
     <span class='ocr_line' id='line_1_28' title="bbox 181 3338 1155 3430; baseline 0 -21"><span class='ocrx_word' id='word_1_208' title='bbox 181 3339 363 3430; x_wconf 76' lang='grc' dir='ltr'><em>ὑφαίνουσα</em></span> <span class='ocrx_word' id='word_1_209' title='bbox 387 3344 420 3408; x_wconf 92' lang='lat' dir='ltr'>in</span> <span class='ocrx_word' id='word_1_210' title='bbox 442 3338 636 3430; x_wconf 68' lang='lat' dir='ltr'>epotandos,</span> <span class='ocrx_word' id='word_1_211' title='bbox 660 3341 768 3406; x_wconf 89' lang='lat' dir='ltr'>omnia</span> <span class='ocrx_word' id='word_1_212' title='bbox 789 3343 885 3429; x_wconf 89' lang='lat' dir='ltr'>plana</span> <span class='ocrx_word' id='word_1_213' title='bbox 909 3352 984 3407; x_wconf 91' lang='lat' dir='ltr'>sunt</span> <span class='ocrx_word' id='word_1_214' title='bbox 1004 3352 1036 3406; x_wconf 88' lang='lat' dir='ltr'>et</span> <span class='ocrx_word' id='word_1_215' title='bbox 1057 3355 1155 3409; x_wconf 89' lang='lat' dir='ltr'>recta.</span> 
     </span>
    </p>

    <p class='ocr_par' dir='ltr' id='par_1_6' title="bbox 280 3452 1278 3541">
     <span class='ocr_line' id='line_1_29' title="bbox 280 3452 1278 3541; baseline 0.004 -23"><span class='ocrx_word' id='word_1_216' title='bbox 280 3453 520 3541; x_wconf 85' lang='lat' dir='ltr'>Aristophanes</span> <span class='ocrx_word' id='word_1_217' title='bbox 544 3452 655 3517; x_wconf 88' lang='lat' dir='ltr'>laudat</span> <span class='ocrx_word' id='word_1_218' title='bbox 689 3452 820 3536; x_wconf 88' lang='lat' dir='ltr'>quidem</span> <span class='ocrx_word' id='word_1_219' title='bbox 854 3452 1115 3537; x_wconf 86' lang='lat' dir='ltr'>Andromachae,</span> <span class='ocrx_word' id='word_1_220' title='bbox 1148 3455 1278 3522; x_wconf 87' lang='lat' dir='ltr'>fabulae</span> 
     </span>
    </p>

    <p class='ocr_par' dir='ltr' id='par_1_7' title="bbox 180 3560 1368 4421">
     <span class='ocr_line' id='line_1_30' title="bbox 180 3560 1368 3650; baseline 0.001 -21"><span class='ocrx_word' id='word_1_221' title='bbox 180 3563 315 3629; x_wconf 89' lang='lat' dir='ltr'>secundi</span> <span class='ocrx_word' id='word_1_222' title='bbox 341 3563 476 3645; x_wconf 87' lang='lat' dir='ltr'>ordinis,</span> <span class='ocrx_word' id='word_1_223' title='bbox 507 3562 683 3650; x_wconf 84' lang='lat' dir='ltr'>prologum</span> <span class='ocrx_word' id='word_1_224' title='bbox 706 3560 850 3625; x_wconf 92' lang='lat' dir='ltr'>lucidum</span> <span class='ocrx_word' id='word_1_225' title='bbox 873 3562 1077 3649; x_wconf 89' lang='lat' dir='ltr'>pulchreque</span> <span class='ocrx_word' id='word_1_226' title='bbox 1100 3563 1223 3629; x_wconf 88' lang='lat' dir='ltr'>dictum</span> <span class='ocrx_word' id='word_1_227' title='bbox 1246 3575 1279 3630; x_wconf 92' lang='lat' dir='ltr'>et</span> <span class='ocrx_word' id='word_1_228' title='bbox 1363 3585 1368 3598; x_wconf 71' lang='grc'><strong>“</strong></span> 
     </span>
     <span class='ocr_line' id='line_1_31' title="bbox 181 3671 1279 3763; baseline 0.005 -26"><span class='ocrx_word' id='word_1_229' title='bbox 181 3673 305 3757; x_wconf 87' lang='lat' dir='ltr'>elegias</span> <span class='ocrx_word' id='word_1_230' title='bbox 332 3673 450 3755; x_wconf 83' lang='lat' dir='ltr'>throni,</span> <span class='ocrx_word' id='word_1_231' title='bbox 473 3682 505 3736; x_wconf 89' lang='lat' dir='ltr'>at</span> <span class='ocrx_word' id='word_1_232' title='bbox 527 3672 690 3757; x_wconf 79' lang='lat' dir='ltr'>vituperat</span> <span class='ocrx_word' id='word_1_233' title='bbox 722 3671 902 3737; x_wconf 87' lang='lat' dir='ltr'>orationem</span> <span class='ocrx_word' id='word_1_234' title='bbox 926 3673 1137 3757; x_wconf 88' lang='lat' dir='ltr'>Hermionae,</span> <span class='ocrx_word' id='word_1_235' title='bbox 1158 3675 1279 3763; x_wconf 92' lang='lat' dir='ltr'>quippe</span> 
     </span>
     <span class='ocr_line' id='line_1_32' title="bbox 183 3780 1276 3867; baseline 0.004 -21"><span class='ocrx_word' id='word_1_236' title='bbox 183 3804 266 3867; x_wconf 89' lang='lat' dir='ltr'>quae</span> <span class='ocrx_word' id='word_1_237' title='bbox 288 3780 414 3866; x_wconf 60' lang='lat' dir='ltr'>regiam</span> <span class='ocrx_word' id='word_1_238' title='bbox 436 3781 530 3846; x_wconf 86' lang='lat' dir='ltr'>tollat</span> <span class='ocrx_word' id='word_1_239' title='bbox 551 3780 763 3865; x_wconf 86' lang='lat' dir='ltr'>maiestatem,</span> <span class='ocrx_word' id='word_1_240' title='bbox 787 3791 819 3846; x_wconf 89' lang='lat' dir='ltr'>et</span> <span class='ocrx_word' id='word_1_241' title='bbox 834 3782 1047 3848; x_wconf 88' lang='lat' dir='ltr'>contumelias</span> <span class='ocrx_word' id='word_1_242' title='bbox 1065 3784 1133 3848; x_wconf 89' lang='lat' dir='ltr'>eius</span> <span class='ocrx_word' id='word_1_243' title='bbox 1156 3783 1191 3848; x_wconf 91' lang='lat' dir='ltr'>in</span> <span class='ocrx_word' id='word_1_244' title='bbox 1207 3786 1276 3850; x_wconf 93' lang='lat' dir='ltr'>An-</span> 
     </span>
     <span class='ocr_line' id='line_1_33' title="bbox 182 3891 1275 3976; baseline 0.004 -20"><span class='ocrx_word' id='word_1_245' title='bbox 182 3892 388 3956; x_wconf 87' lang='lat' dir='ltr'>dromacham</span> <span class='ocrx_word' id='word_1_246' title='bbox 412 3891 534 3955; x_wconf 89' lang='lat' dir='ltr'>missas.</span> <span class='ocrx_word' id='word_1_247' title='bbox 565 3891 703 3955; x_wconf 87' lang='lat' dir='ltr'>Peloum</span> <span class='ocrx_word' id='word_1_248' title='bbox 726 3900 851 3974; x_wconf 90' lang='lat' dir='ltr'>contra,</span> <span class='ocrx_word' id='word_1_249' title='bbox 872 3891 927 3976; x_wconf 91' lang='lat' dir='ltr'>qui</span> <span class='ocrx_word' id='word_1_250' title='bbox 940 3892 1206 3959; x_wconf 89' lang='lat' dir='ltr'>Andromacham</span> <span class='ocrx_word' id='word_1_251' title='bbox 1226 3917 1275 3961; x_wconf 90' lang='lat' dir='ltr'>re·</span> 
     </span>
     <span class='ocr_line' id='line_1_34' title="bbox 181 3999 1275 4090; baseline 0.004 -26"><span class='ocrx_word' id='word_1_252' title='bbox 181 4011 338 4084; x_wconf 89' lang='lat' dir='ltr'>moveret,</span> <span class='ocrx_word' id='word_1_253' title='bbox 360 4003 442 4090; x_wconf 79' lang='lat' dir='ltr'>bene</span> <span class='ocrx_word' id='word_1_254' title='bbox 466 4021 537 4064; x_wconf 89' lang='lat' dir='ltr'>esse</span> <span class='ocrx_word' id='word_1_255' title='bbox 559 3999 747 4073; x_wconf 85' lang='lat' dir='ltr'>inductum·</span> <span class='ocrx_word' id='word_1_256' title='bbox 784 4001 845 4066; x_wconf 92' lang='lat' dir='ltr'>hoc</span> <span class='ocrx_word' id='word_1_257' title='bbox 867 4000 1010 4088; x_wconf 90' lang='lat' dir='ltr'>prudens</span> <span class='ocrx_word' id='word_1_258' title='bbox 1035 4011 1083 4066; x_wconf 89' lang='lat' dir='ltr'>est</span> <span class='ocrx_word' id='word_1_259' title='bbox 1104 4000 1275 4085; x_wconf 85' lang='lat' dir='ltr'>iudicium,</span> 
     </span>
     <span class='ocr_line' id='line_1_35' title="bbox 181 4107 1277 4194; baseline 0.003 -23"><span class='ocrx_word' id='word_1_260' title='bbox 181 4107 299 4172; x_wconf 89' lang='lat' dir='ltr'>iustum</span> <span class='ocrx_word' id='word_1_261' title='bbox 325 4109 592 4194; x_wconf 87' lang='lat' dir='ltr'>etAristophane</span> <span class='ocrx_word' id='word_1_262' title='bbox 611 4108 759 4192; x_wconf 80' lang='lat' dir='ltr'>dignum,</span> <span class='ocrx_word' id='word_1_263' title='bbox 783 4109 875 4174; x_wconf 89' lang='lat' dir='ltr'>cuius</span> <span class='ocrx_word' id='word_1_264' title='bbox 897 4121 1028 4174; x_wconf 89' lang='lat' dir='ltr'>acutum</span> <span class='ocrx_word' id='word_1_265' title='bbox 1051 4120 1083 4174; x_wconf 90' lang='lat' dir='ltr'>et</span> <span class='ocrx_word' id='word_1_266' title='bbox 1108 4111 1277 4176; x_wconf 88' lang='lat' dir='ltr'>concisum</span> 
     </span>
     <span class='ocr_line' id='line_1_36' title="bbox 182 4217 1277 4307; baseline 0.005 -26"><span class='ocrx_word' id='word_1_267' title='bbox 182 4239 289 4303; x_wconf 86' lang='lat' dir='ltr'>genus</span> <span class='ocrx_word' id='word_1_268' title='bbox 323 4217 453 4283; x_wconf 89' lang='lat' dir='ltr'>dicendi</span> <span class='ocrx_word' id='word_1_269' title='bbox 485 4240 581 4283; x_wconf 87' lang='lat' dir='ltr'>nemo</span> <span class='ocrx_word' id='word_1_270' title='bbox 616 4241 680 4285; x_wconf 91' lang='lat' dir='ltr'>nou</span> <span class='ocrx_word' id='word_1_271' title='bbox 710 4219 939 4307; x_wconf 83' lang='lat' dir='ltr'>persentiscat.</span> <span class='ocrx_word' id='word_1_272' title='bbox 981 4229 1013 4285; x_wconf 91' lang='lat' dir='ltr'>at</span> <span class='ocrx_word' id='word_1_273' title='bbox 1036 4219 1124 4306; x_wconf 91' lang='lat' dir='ltr'>quod</span> <span class='ocrx_word' id='word_1_274' title='bbox 1146 4220 1277 4287; x_wconf 89' lang='lat' dir='ltr'>maioris</span> 
     </span>
     <span class='ocr_line' id='line_1_37' title="bbox 182 4326 1277 4421; baseline 0.006 -32"><span class='ocrx_word' id='word_1_275' title='bbox 182 4326 336 4392; x_wconf 89' lang='lat' dir='ltr'>momenti</span> <span class='ocrx_word' id='word_1_276' title='bbox 362 4327 454 4392; x_wconf 88' lang='lat' dir='ltr'>nobis</span> <span class='ocrx_word' id='word_1_277' title='bbox 468 4337 526 4411; x_wconf 85' lang='lat' dir='ltr'>est,</span> <span class='ocrx_word' id='word_1_278' title='bbox 547 4349 590 4392; x_wconf 84' lang='lat' dir='ltr'>ex</span> <span class='ocrx_word' id='word_1_279' title='bbox 605 4338 800 4413; x_wconf 81' lang='lat' dir='ltr'>argumento</span> <span class='ocrx_word' id='word_1_280' title='bbox 820 4328 864 4393; x_wconf 91' lang='lat' dir='ltr'>ita</span> <span class='ocrx_word' id='word_1_281' title='bbox 878 4329 1027 4396; x_wconf 87' lang='lat' dir='ltr'>restituto</span> <span class='ocrx_word' id='word_1_282' title='bbox 1049 4330 1082 4396; x_wconf 92' lang='lat' dir='ltr'>id</span> <span class='ocrx_word' id='word_1_283' title='bbox 1103 4340 1277 4421; x_wconf 88' lang='lat' dir='ltr'>praeterea</span> 
     </span>
    </p>
   </div>
   <div class='ocr_carea' id='block_1_3' title="bbox 0 0 1508 5176">
    <p class='ocr_par' dir='ltr' id='par_1_8' title="bbox 0 0 1508 5176">
     <span class='ocr_line' id='line_1_38' title="bbox 0 0 1508 5176; baseline 0 0"><span class='ocrx_word' id='word_1_284' title='bbox 0 0 1508 5176; x_wconf 95' lang='lat' dir='ltr'> </span> 
     </span>
    </p>
   </div>
  </div>
 </body>
</html>
