3000 5176
650 321 707 386 137

215 505 285 572 OT.
305 506 343 568 41
368 500 449 583 ἴσως
470 505 506 572 δὲ
527 507 625 572 τοῦτο
649 501 755 571 εἰπών
776 501 794 571 ό
815 499 996 590 ὑποκριτής
1018 504 1227 588 προσπίπτει

123 611 170 694 εἷς
194 611 272 693 τοὺς
291 608 398 693 πόδας
418 616 477 680 τοῦ
498 604 663 698 άρχοντσς.

210 725 253 790 ib.
279 724 357 788 1297
384 719 466 802 ἴσως
489 719 519 789 σί
545 720 628 789 κατά
659 721 717 788 τόν
738 719 840 809 χορόν
861 719 987 802 ἰδόντες
1006 719 1242 813 α’πεστράφηη

126 857 186 900 σαν
207 829 251 920 μὴ
273 827 448 914 δυνάμενοι
469 827 665 898 θεάσασθαι
688 829 726 899 τό
750 829 875 912 πάθος.

209 943 279 1011 OC.
306 944 384 1008 1547
408 933 446 1007 ori
474 941 586 1007 πταίει
613 938 631 1008 ό
654 938 843 1030 ὑποκριτής,
864 935 932 1008 ἀλλ’
957 935 1059 1022 εάθάς
1082 933 1223 1026 άπεισιν,
1238 968 1261 1022 52

128 1047 242 1138 ὥσπερ
266 1047 423 1138 ἀγόμενος
445 1048 511 1119 ὑπὸ
535 1057 598 1119 τοῦ
621 1056 716 1120 θεοῦ.

556 1294 794 1367 ΡΗΤΟΡΙΚΑ

207 1538 299 1602 Eum.
323 1538 384 1602 586
408 1534 491 1616 ἔπος
513 1531 688 1622 δ’άμείβου
711 1533 797 1622 πρός
820 1534 919 1616 ἕπσςε
944 1541 1125 1625 ρητσρικῶς
1146 1562 1224 1603 πυν-

124 1644 304 1714 θάνονται·
328 1643 357 1712 εἰ
379 1647 439 1730 μὲν
459 1643 634 1733 ὁμολογοίη
652 1643 848 1724 ὑπεύθυνος
860 1643 962 1730 ἔσται,
983 1644 1017 1713 εί
1032 1647 1068 1713 δὲ
1090 1639 1223 1729 άρνοῖτο

124 1752 367 1845 ἐλεγχθήσεται.
1240 1772 1272 1823 10

209 1867 279 1934 OO.
291 1869 352 1932 939
374 1864 435 1954 τήν
458 1867 628 1954 ρητορειάν
650 1863 896 1957 παραφόλαξον,
918 1867 947 1936 εἰ
968 1873 1034 1935 τῶν
1055 1870 1114 1955 μὲν
1127 1896 1224 1956 κατη-

124 1975 333 2062 γορηθέντων
353 1967 457 2042 orirer]
480 1968 542 2057 σάχ
563 1971 698 2061 άίμεται,
732 1975 824 2042 καινά
851 1977 887 2042 δέ
914 2003 985 2044 τινα
1007 1975 1224 2067 ἐνθυμήματα

123 2085 177 2150 καί
197 2079 282 2150 πάνυ
304 2075 420 2170 εόλσγα
442 2086 636 2170 ἐξευρίσκων
656 2078 792 2170 άντερεῖ.

207 2193 330 2260 Electr.
345 2196 407 2260 558
431 2190 476 2272 ὦς
500 2191 608 2281 ρότωρ
630 2197 749 2261 διεῖλεν
772 2192 819 2273 εἷς
846 2188 1007 2284 κεφάλαια
1029 2193 1089 2262 τόν
1116 2193 1222 2283 λόγον·
1298 2278 1301 2283 .

124 2303 177 2368 καί
197 2307 333 2388 πρῶτον
353 2300 531 2393 κεφάλαιον
553 2301 606 2371 ὅτι
624 2300 721 2371 οὐδὲν
737 2300 967 2389 χαλεπώτερον
984 2301 1117 2384 τούτου,
1142 2302 1177 2372 εἴ
1188 2330 1222 2393 γε
1240 2325 1272 2377 15

125 2414 268 2492 δικαίως·
291 2409 453 2498 δεύτερον,
470 2409 526 2480 ότι
543 2407 585 2480 σά
597 2414 740 2499 δικαίως,
763 2407 845 2479 άλλά
859 2420 1041 2481 πεισθεῖσα
1052 2413 1223 2503 Αἰγίσθῳ·

124 2522 265 2590 δείκνυσι
287 2521 332 2603 δὲ,
364 2519 415 2589 ὅτι
436 2514 598 2602 άκουσίως
620 2522 638 2590 ὁ
660 2515 869 2610 Ἀγαμέμνων
891 2519 1013 2590 ἔθυσεν
1034 2520 1093 2611 τὴν
1113 2517 1223 2613 Ἰφιγέ-

125 2657 211 2699 νειαν
231 2633 265 2700 ἒν
286 2639 326 2724 τῇ
347 2627 481 2701 Αάλίδι.

209 2742 281 2810 OC.
307 2746 387 2809 1254
408 2738 682 2831 παραφυλάττετε
705 2739 804 2808 πάλιν
827 2739 888 2830 τήν
915 2743 1028 2831 τέχνην
1046 2749 1107 2831 τῆς
1127 2770 1220 2831 ρνγτο-

124 2850 214 2936 ρείας
246 2843 360 2935 αάτσῦ,
395 2850 446 2919 ότι
477 2846 535 2918 σάκ
570 2845 698 2932 εάθέως
728 2853 784 2919 ἐπὶ
816 2848 874 2940 τὴν
906 2848 1073 2920 ὑπόθεσιν
1106 2851 1222 2920 ἑαυτοῦ
1236 2873 1270 2924 20

123 2955 265 3050 α’παντᾷ,
291 2958 375 3029 άλλά
398 2958 692 3046 προκατασκευάζει
716 2959 757 3026 τά
782 2958 841 3028 ὅλα
861 2959 909 3040 εἰς
932 2953 1072 3029 εόνοιαν.

208 3072 323 3157 Antig.
347 3072 406 3135 164
429 3067 446 3137 ό
478 3071 513 3136 δὲ
544 3065 641 3155 λόγος
671 3070 740 3136 ἐστὶ
767 3069 827 3155 μὲν
855 3072 909 3137 καί
939 3068 1134 3158 σημαντικός
1164 3076 1222 3138 τοῦ

123 3175 326 3266 πράγματος,
354 3180 423 3246 ἐστὶ
453 3181 488 3245 δὲ
519 3179 572 3244 καί
592 3175 753 3261 τεχνικός·
789 3176 979 3265 ἐγκωμιάζει
1001 3178 1060 3267 γάρ
1088 3185 1222 3264 πρῶτον

212 3390 298 3444 7hae
317 3395 400 3444 notae
425 3408 493 3443 num
519 3391 610 3445 eidem
636 3390 800 3462 disciplinae
825 3394 963 3464 originem
993 3394 1114 3448 debeant
1136 3397 1222 3464 atque

124 3503 194 3553 quae
212 3487 248 3540 ad
268 3490 357 3540 artem
377 3487 513 3556 tragicam
531 3491 659 3555 spectant
678 3505 734 3541 non
753 3489 842 3542 audeo
862 3488 987 3545 definire.
1006 3490 1080 3553 nihil,
1094 3490 1129 3544 iis
1147 3490 1222 3544 inest

124 3599 213 3650 neque
231 3584 259 3637 iu
279 3583 390 3638 dicendi
410 3600 513 3653 genere
532 3600 623 3651 neque
642 3584 671 3636 in
686 3585 810 3639 materiis
824 3587 883 3638 iam
894 3586 1048 3655 proprium,
1068 3590 1100 3640 ui
1112 3591 1220 3641 certum

123 3678 189 3733 inde
207 3685 349 3735 auctorem
368 3699 500 3750 queamus
519 3698 697 3752 cognoscere.
720 3682 849 3735 videniur
868 3682 937 3735 mihi
951 3683 1073 3737 rhetoris
1085 3700 1153 3747 esse,
1174 3683 1239 3751 qui¹

124 3774 177 3828 sibi
196 3779 361 3841 enotoverit,
390 3795 461 3847 quae
485 3781 587 3848 poetae
605 3777 707 3847 tragici
725 3778 770 3833 vel
794 3778 980 3848 profecissent.
1000 3796 1034 3833 ex
1051 3787 1110 3834 orte
1129 3780 1223 3835 rheto-

32 3923 37 3936 ,
124 3869 183 3924 rica
203 3872 247 3925 vel
269 3872 456 3928 contulissent
475 3873 512 3927 ad
532 3891 591 3927 eam
605 3873 715 3926 'rectius
736 3873 946 3928 eesiimendam.
983 3874 1117 3928 nonnulla
1135 3875 1164 3928 in
1187 3876 1222 3929 iis

124 3965 167 4021 vel
184 3968 303 4036 Didymo
323 3987 379 4022 non
397 3970 604 4039 indiguerunt.
622 3970 652 4023 in
671 3970 782 4023 scholiis
802 3971 957 4027 Homericis
976 3975 1005 4024 et
1022 3971 1126 4024 Donati
1147 3989 1220 4026 com·

122 4064 267 4117 menteriis
293 4064 345 4118 hae
374 4069 457 4120 notae
487 4065 705 4134 frequentiores,
738 4084 821 4134 quam
850 4070 881 4120 ut
907 4083 1009 4135 operae
1035 4066 1158 4135 pretium
1185 4068 1222 4121 sit

123 4158 251 4228 exemplo
270 4177 364 4213 eorum
383 4160 491 4215 afferre.

197 4257 230 4308 18
247 4255 357 4326 singula
375 4256 510 4311 orationis
534 4256 628 4326 capita
647 4256 787 4327 significat
810 4258 961 4312 scholiasta
980 4257 1015 4312 ed
1034 4275 1078 4312 νν.
1093 4259 1154 4322 561,
1169 4260 1219 4312 575

124 4353 186 4419 577,
205 4354 266 4418 595,
285 4355 347 4406 604.
