3000 5176
809 329 869 396 138

291 506 426 593 αι’·’τσι·ς·
445 507 634 641 ἀναγκαῖον
665 517 700 583 66
724 519 771 603 τη)
799 510 951 600 παριόντι
980 518 1115 645 πρῶτον
1144 513 1200 583 έπι
1192 512 1392 598 πολιτικὴν

291 613 400 712 ἀρχὴν,
422 615 539 703 είίνοις
560 622 665 712 έαιτηι
688 628 885 712 καταστῆσαι
909 619 990 703 τσιλς
1009 618 1185 710 ὑπηκόους.
1343 636 1347 642 ’

377 735 497 802 Troad.
520 727 627 801 975³
604 734 768 801 ανσίκεισν
789 737 887 799 τοῦτο
909 737 968 798 τοῦ
988 728 1217 817 ὑποκειμένου,
1239 728 1306 798 ἔδει
1327 727 1390 817 γάρ

292 834 397 929 66666
418 841 543 909 ἀνελεῖν
569 843 622 908 καί
648 839 694 930 μη
718 840 825 909 εἰπεῖν
851 839 901 908 ὅτι
932 841 1107 925 παίζουσαι
1136 830 1244 927 ἦλθον
1265 838 1312 918 είς
1332 837 1392 927 666

263 957 353 1018 5606·
371 948 508 1032 κάλλους
530 950 607 1038 ἔριν.
648 949 765 1036 διόπερ
788 951 842 1018 καί
864 951 940 1029 τούς
961 938 1122 1017 ἐν”Ιλιάὄι
1152 949 1282 1032 στίχους
1309 942 1391 1015 ἀθε-

187 1118 192 1129 .
247 1064 250 1069 ’
292 1063 385 1125 τοῦσι
408 1056 485 1138 τούς
509 1052 559 1139 (ὃς
582 1060 725 1127 νείκεσσε
748 1050 855 1137 θεάς’.“
896 1054 1038 1125 δύναται.
1062 1056 1098 1124 66
1125 1057 1180 1123 καὶ
1202 1060 1278 1123 καθ’
1303 1052 1391 1122 ἀπό-

292 1192 398 1252 κρισιν
421 1169 671 1256 ε’ριυτηματικιῦς
692 1162 884 1251 ἀκούεσθαι,
905 1164 944 1233 οἳ
963 1167 1110 1245 παιδιαῖς
1131 1167 1185 1232 καί
1206 1169 1313 1255 τρυφῇ
1335 1154 1392 1253 ἧλ-

251 1261 358 1344 θον
380 1270 450 1357 εἰς’
451 1271 540 1366 6666,-
562 1272 621 1345 οάκ
641 1267 758 1365 ἦλθον,
780 1304 818 1345 συ
810 1271 935 1365 δητα
959 1273 1044 1344 ἀίστε
1069 1301 1152 1342 ειναι
1172 1271 1305 1341 πόντιον
1324 1279 1392 1341 τῶν

292 1394 444 1476 προειρηγ
432 1389 542 1474 μένων·
552 1383 763 1476 ἀναιρετικόν.
783 1389 840 1459 τόν
861 1391 919 1478 γάρ
934 1391 1077 1458 ἐναντίον
1089 1385 1193 1482 λόγον
1206 1393 1392 1527 χειρίζουσα

245 1508 279 1558 10
292 1492 464 1587 οφειλει
440 1525 587 1586 αναιρειν
610 1502 726 1568 ἐκεῖνα
1485 1484 1488 1491 .

376 1610 430 1676 Αἰ.
451 1602 557 1676 265”
533 1635 652 1696 αριστα
672 1608 755 1678 66''
733 1636 862 1694 εχουσιν
885 1637 917 1678 αι
907 1605 1128 1692 ἀντιθέσεις,
1152 1616 1219 1678 τῶν
1239 1613 1298 1697 μὲν
1321 1610 1391 1678 οἰσ-

291 1719 397 1803 μένιυν
417 1719 451 1785 6‘6
472 1712 603 1809 εάτεχίη
624 1721 795 1807 γεγονέναι,
819 1719 848 1788 εί
870 1721 1037 1788 πέπαυται
1058 1718 1096 1788 τό
1121 1716 1235 1788 κακόν·
1259 1727 1337 1808 τῆς,
1354 1722 1399 1788 66'
1458 1704 1475 1725 ⁸

290 1827 489 1916 βουλομένης
510 1834 727 1919 παραστῆσαι,
753 1827 805 1897 ὅτι
828 1831 862 1897 66
882 1832 1026 1918 χείροσιν
1048 1831 1117 1898 ἐστὶ
1137 1827 1178 1897 τά
1198 1835 1257 1898 τοῦ
1279 1827 1391 1897 Αἴσιο-

229 1932 232 1939 *
290 1944 348 2018 τ’σς
368 1943 437 2023 νῦν,
460 1935 563 2006 ὁπότε
583 1939 636 2005 καὶ
654 1942 906 2025 παρακολουθεῖ
926 1945 998 2021 τοῖς
1006 1937 1253 2072 ἁμαρτήμασιν.
1273 1970 1276 1975 ·
1299 2022 1302 2026 .

199 2114 202 2119 ,
245 2052 276 2104 15
373 2051 415 2115 ib.
440 2051 563 2115 560—
584 2053 787 2134 θαυμαστοῖς
819 2049 855 2117 66
885 2047 972 2136 πρὸς
1001 2046 1147 2131 ἅπαντας
1174 2051 1251 2130 τσάς
1260 2046 1390 2139 λόγους

288 2162 349 2246 τῆς
374 2154 563 2246 Τεκιιήσσης
587 2151 816 2238 ἀντιθέσεις
801 2154 992 2246 6660660660,
1025 2155 1083 2227 σάκ
1113 2151 1262 2247 ἀντικρυς
1289 2163 1402 2226 τοῦτο.

289 2263 546 2353 ὑπισχνουμένου
572 2273 632 2335 606
654 2274 817 2357 ποιητοῦ·
849 2274 912 2336 τσῦ
938 2269 1024 2354 μέν
1020 2270 1074 2357 666
1105 2265 1304 2356 υβρισθῆναι
1331 2265 1390 2334 τόν

226 2430 229 2435 .
288 2380 393 2444 παῖδα
411 2370 478 2444 ἀπό
500 2382 568 2445 τῶν
585 2374 744 2466 Ἑλλήνων
763 2377 822 2466 666
843 2372 911 2446 ἀπό
927 2375 1071 2510 Τεύκρου
1094 2375 1244 2468 φυλακην
1265 2383 1390 2465 προβα-

289 2481 434 2612 λόμενος·
455 2510 514 2552 του
500 2486 604 2571 666
591 2513 636 2575 μη
626 2483 962 2575 γελασθὴσεσθαι
946 2491 1002 2553 υπ’
1015 2487 1147 2553 ἐκείνων
1166 2486 1224 2575 666
1238 2491 1298 2553 τοῦ
1313 2512 1388 2553 παι·
1429 2500 1431 2505 ’

170 2582 175 2591 ’
241 2586 389 2672 20666’
368 2590 493 2680 ἀρετὴν,
530 2591 567 2661 66
596 2619 677 2724 φησι
705 2596 759 2662 καί
783 2593 960 2684 έκὸικησειν
990 2587 1092 2663 αάτόν
1115 2597 1148 2663 66
1170 2593 1279 2725 ηλικίηι
1300 2592 1388 2683 γενό·

288 2723 401 2786 μενον·
432 2700 518 2833 πρός
540 2703 576 2771 66
596 2703 637 2769 τά
660 2704 826 2789 περὶτῶν
848 2705 978 2790 γονέων,
1001 2701 1053 2772 666
1074 2705 1143 2772 ἀντ
1166 2698 1270 2774 αὐτοῦ
1291 2731 1389 2793 γηρο-

287 2812 408 2897 βοσκός
431 2806 544 2894 αάτοῖς
563 2814 833 2882 καταλείπεται
815 2839 832 2882 υ
848 2807 1059 2946 Εάρυσάκης.

373 2924 493 2990 Τεοελιλ
508 2926 569 2991 906
592 2925 809 3013 καταφέρεται
829 2923 876 3004 είς
895 2921 933 2992 66
957 2922 1083 3012 νόσημα
1097 2918 1387 2992 τιῦνάντιθέσειυν·
1435 2947 1438 2952 ·

289 3027 309 3120 6
332 3029 391 3118 γὰρ
417 3029 581 3119 πρότερον
602 3034 739 3120 λέγουσα
758 3030 833 3120 (ὅρα
853 3029 897 3120 μή
911 3058 948 3100 σε
962 3032 1028 3122 666²
1044 3038 1099 3100 666
1119 3058 1219 3122 φησιν
1234 3020 1389 3100 (ἀκουσόν

240 3133 410 3228 25αάτῆς’.
503 3136 506 3141 ’
783 3201 786 3208 .
1241 3230 1243 3235 Α
1382 3230 1386 3236 ¹

371 3232 492 3318 Electr'.
515 3238 576 3317 628
599 3245 658 3318 σάκ
680 3251 830 3336 έμμενεῖς
852 3245 904 3332 οἷς
921 3249 1091 3339 πρότερον
1112 3245 1218 3332 εἶπας·
1241 3249 1306 3340 ἔφη
1328 3248 1387 3339 γάρ

250 3420 254 3427 ,
286 3359 390 3447 <556>
408 3356 474 3426 (καί
494 3358 558 3449 μὴν
581 3355 715 3450 ε’φίημά.
756 3367 910 3442 πιθανοῖς
932 3362 983 3428 66·
1016 3354 1055 3428 06
1077 3358 1137 3448 γάρ
1165 3358 1225 3450 χρὴ
1253 3362 1287 3429 66
1315 3367 1393 3441 ταῖς·

287 3461 484 3554 ἀντιλογίαις
504 3475 700 3555 θυμοῦσθαι
720 3468 778 3538 τόν
800 3467 996 3560 ἡττώμενον.

372 3581 463 3668 Sept.
485 3582 549 3646 464
571 3581 659 3667 γίγας
681 3577 729 3648 66'
752 3573 869 3661 ἀλλοςε
901 3577 987 3647 πάνυ
1022 3576 1194 3669 ρητσρικάς
1216 3577 1234 3647 6
1259 3578 1387 3664 Αἱσχό-
1454 3653 1457 3657 ,

240 3696 275 3748 30
287 3689 352 3766 λος
376 3685 549 3817 ρητηρικόν
572 3689 607 3756 66
629 3688 765 3777 λέγιυ,“
744 3717 822 3758 οταν
837 3696 915 3770 τοῖς
937 3686 1072 3779 ρίγτορσι
1095 3682 1228 3776 λόγος”
1206 3691 1387 3777 ητοιὲποιι-

287 3791 457 3927 6666669'*
434 3822 453 3883 6
478 3796 634 3883 ψεκτικός
655 3799 734 3885 περί
756 3825 854 3866 τινων
876 3794 938 3866 660
958 3803 1018 3866 τσῦ
1039 3798 1098 3903 μέι
1112 3794 1232 3878 ἓνός”
1197 3824 1276 3888 ειπη
1290 3797 1387 3866 ἔπαι-

287 3930 343 3970 νον
367 3900 387 3993 6
410 3901 525 3992 ψόγον,
549 3907 791 3996 παραλείπηται
803 3913 863 3975 606
878 3908 1024 3975 ἐπαίνου.
1046 3904 1263 3995 πανηγυρικόν
1278 3909 1314 3975 66
1332 3910 1386 3976 καί

376 4069 393 4120 8
411 4071 477 4136 pos
490 4062 566 4135 [666
584 4054 667 4137 ροεαί
687 4069 923 4138 interrogandi
902 4087 1021 4139 mgnum.

359 4165 393 4216 32
412 4163 477 4218 huic
495 4165 600 4235 scholio
619 4166 833 4239 corruptissimo
859 4166 995 4219 nullam
988 4166 1114 4220 mvenire
1133 4169 1184 4235 pot
1185 4165 1213 4219 ui
1172 4165 1385 4222 tmedelam.

209 4334 213 4339 ἢ
286 4275 339 4331 pro
360 4262 557 4331 παραλείπηται
581 4263 629 4315 τοῦ
657 4251 771 4316 ἐπαίνου
791 4261 952 4316 Dindorfius
977 4264 1133 4334 παραλείπῃ
1160 4261 1192 4315 δὲ
1219 4262 1266 4315 τοῦ
1293 4262 1386 4332 ἑτέρου

285 4354 416 4427 Engerus
434 4360 588 4433 παραλιίπη
607 4359 639 4413 δὲ
658 4359 705 4412 τοῦ
722 4360 773 4428 Γ
759 4376 884 4414 επαινον.
902 4359 971 4414 mihi
988 4359 1085 4414 deesse
1103 4358 1209 4431 aliquid
1229 4358 1348 4414 videtur.
