3000 5176
713 338 753 402 28

193 524 310 610 Agam.
334 524 457 608 (XIV).
511 526 552 590 de
580 526 630 589 his
656 525 784 591 iudiciis
806 525 984 590 tenendum
1009 534 1068 608 est,
1100 546 1166 588 non
1188 523 1287 588 certis

191 656 229 697 ea
261 633 359 697 fuisse
391 634 524 699 astricta
554 635 675 700 normis
703 634 917 715 formulisve,
949 635 1008 700 sed
1043 655 1103 720 pro
1130 633 1287 698 varietate

191 764 301 806 rerum
325 743 421 807 modo
439 743 593 810 uberiora
611 745 708 808 modo
724 744 872 808 tenuiora
892 745 1003 810 fuisse.
1047 743 1209 808 notandae
1232 743 1288 806 de-

192 849 291 934 nique
316 861 391 915 sunt
414 874 469 915 eae
493 853 747 934 observationes
776 853 890 940 quibus
919 874 1016 938 quem
1039 851 1137 916 finem
1161 861 1291 940 spectet

190 959 301 1023 fabula
326 959 529 1026 edoceamur.
586 962 743 1027 eiusmodi
766 962 894 1027 brevior
918 961 1039 1048 legitur
1062 960 1095 1024 in
1116 983 1186 1046 arg.
1202 959 1287 1048 Sup-

189 1067 265 1152 plic.
289 1068 399 1152 (XXI)
420 1066 455 1135 νδ
479 1071 515 1136 δέ
527 1072 635 1155 δρᾶμα
647 1067 805 1157 ἐγκώμιον
819 1062 978 1157 Ἀθηνῶν,
1001 1070 1139 1157 amplior
1160 1069 1194 1134 in
1218 1092 1287 1154 arg.

193 1175 276 1243 Oed.
301 1175 372 1244 Col.
398 1179 522 1263 (VIII).

292 1286 362 1372 His,
386 1311 468 1373 quae
491 1289 531 1352 de
556 1299 624 1354 arte
655 1291 687 1354 in
715 1291 894 1376 tragoediis
930 1290 1104 1377 conspicua
1137 1311 1181 1352 ex
1210 1286 1289 1376 ipsis

193 1396 445 1482 Aristophanois
469 1399 582 1462 hausta
606 1410 681 1464 sunt
699 1398 948 1487 hypothesibus
976 1421 1077 1464 unum
1094 1398 1289 1481 subiungam

191 1507 309 1583 locum,
332 1529 432 1591 quem
454 1499 642 1574 σῖδέσπονον
662 1508 748 1573 inter
778 1519 972 1596 argumenta
993 1509 1160 1595 Euripidis
1184 1507 1289 1574 Phoe·

191 1613 352 1678 nissarum
376 1614 530 1679 traditum
554 1617 678 1680 auctori
703 1616 835 1680 suoiana
857 1615 1009 1688 reddere,
1032 1625 1066 1679 ut
1083 1637 1192 1703 spero,
1210 1615 1290 1680 lice-

196 1722 250 1787 bit.
293 1722 483 1788 Dindorfius
510 1725 624 1790 scholl.
649 1725 726 1791 Eur.
743 1726 872 1791 vol.III
894 1728 958 1814 οἱ)
990 1737 1103 1812 quarto
1129 1726 1202 1790 loco
1225 1727 1287 1790 hoc

193 1834 376 1916 argumenti
408 1832 544 1898 alicuius
579 1834 800 1919 fragmentum
832 1835 981 1899 exhibet:
1012 1830 1050 1899 νδ
1079 1829 1186 1918 dodaci
1220 1833 1289 1900 ἐστι

191 1939 250 2022 μὲν
270 1945 342 2019 ταῖς
364 1947 529 2028 σκηνικαῖς
548 1936 648 2029 detaut
670 1940 777 2026 καλὸν,
801 1943 876 2009 ἐπεὶ
892 1949 918 1986 ³⁸
944 1943 997 2009 καὶ
1019 1943 1289 2028 παραπληρωμα-

192 2045 295 2116 trade·
341 2047 363 2139 ἥ
385 2077 421 2118 τε
444 2046 512 2118 οἷπδ
537 2057 603 2118 τῶν
635 2054 768 2136 τειχέων
790 2046 954 2140 Ἀντιγόνη
987 2057 1163 2139 θεωροῦσα
1191 2052 1291 2137 μέρος

195 2155 253 2228 οδκ
289 2159 359 2229 ἔστι
390 2158 570 2248 δράματος,
606 2162 659 2228 καὶ
690 2159 901 2241 ὑπόσπονδος
932 2162 1133 2250 Πολυνείκης
1159 2155 1291 2242 οδδενδς

194 2269 287 2337 ἕνεκα
319 2272 539 2358 παραγίνεται,
574 2267 594 2337 δ’
616 2296 651 2337 ’σε
685 2271 741 2338 ἐπὶ
775 2276 855 2338 πᾶσι
889 2273 958 2356 μεθ
995 2265 1082 2360 ᾠδῆς
1114 2266 1291 2354 ἀδολέσχου

195 2378 457 2468 φνναδεσὸμενος
474 2380 633 2460 Οἰδίπους
652 2381 899 2466 προσέρραπται
911 2381 965 2448 διὰ
984 2386 1085 2469 κενῆς.
1129 2382 1200 2470 ipsa
1223 2406 1292 2446 ma·

195 2492 287 2573 teria,
317 2493 520 2556 membratim
555 2492 685 2556 concisa
718 2493 822 2557 oratio.
855 2490 1031 2555 admodum
1063 2491 1176 2556 similis
1210 2493 1290 2576 eius,

196 2623 290 2684 quam
313 2601 345 2665 in
368 2615 560 2686 argumento
584 2601 838 2666 Andromachae
871 2600 1158 2687 deprehendimus,
1180 2599 1293 2665 iudicii

195 2709 336 2794 denique
354 2732 489 2774 acumen
511 2709 648 2774 suadent
665 2709 884 2793 fragmentum
904 2709 987 2774 illud
1004 2711 1113 2774 locum
1137 2709 1294 2774 habuisse

194 2817 228 2880 in
254 2818 484 2906 Aristophanis
510 2819 696 2905 hypothesi.
719 2818 806 2903 quod
831 2828 921 2882 extat
942 2827 1170 2903 argumentum
1187 2817 1292 2882 Phoe-

195 2928 354 2992 nissarum
378 2928 496 2992 mirum
517 2928 550 2992 in
572 2928 704 2993 modum
728 2928 909 2993 mutilatum
936 2927 1018 2991 nihil
1040 2927 1139 2992 habet
1160 2925 1202 2992 de
1231 2936 1291 2991 tra-

196 3037 334 3122 goediae
357 3039 555 3124 praestantia
579 3039 797 3103 observatum.

296 3148 365 3212 Iam
391 3169 466 3211 cum
490 3146 530 3211 de
553 3147 592 3211 iis
612 3148 757 3234 partibus
780 3156 1058 3231 argumentorum,
1083 3167 1166 3231 quae
1186 3143 1291 3209 didas·

198 3257 300 3321 celica
314 3257 481 3322 continent
501 3268 532 3321 et
546 3281 717 3322 numerum
733 3240 926 3338 fabularum,
940 3255 1020 3319 nihil
1036 3255 1183 3338 habeam,
1203 3252 1291 3338 quod

196 3365 312 3430 doctae
335 3366 576 3434 Schneidewini
606 3366 869 3431 commentationi
899 3364 1028 3448 addam,
1048 3364 1089 3428 de
1113 3386 1152 3427 ea
1173 3372 1293 3448 autem,

197 3497 258 3560 qua
280 3475 424 3540 eiusdem
449 3476 552 3561 mythi
576 3477 704 3541 fabulae
729 3475 932 3540 diversorum
957 3484 1126 3561 poetarum
1150 3473 1237 3538 inter
1256 3493 1291 3537 sc

197 3593 435 3671 comparantur,
466 3585 549 3648 infra
582 3584 692 3671 paucis
715 3584 775 3648 sim
807 3583 1040 3671 disputaturus
1072 3602 1208 3647 necesse
1236 3589 1295 3665 est,

197 3749 393 3757 ..ῳ-*α

304 3858 338 3909 38
354 3851 429 3908 Ἐπεὶ
449 3860 496 3907 καί
512 3853 557 3908 vel
576 3855 637 3907 ἐπεὶ,
661 3855 692 3907 δὲ
711 3859 758 3906 κοί
773 3853 862 3920 codd,
883 3853 958 3922 quod
982 3856 1158 3922 corruptum.
1201 3854 1237 3907 dn
1258 3853 1293 3906 δέ

200 3950 245 4004 vel
272 3952 329 4004 ἔστι
351 3953 386 4005 δέ
402 3951 523 4005 coniecit
542 3949 738 4004 Kirchhoffrus.
768 3950 895 4020 equidem
919 3949 1032 4020 grauius
1059 3952 1129 4018 puto
1153 3949 1206 4002 hoe
1233 3947 1295 4004 loco

197 4064 256 4100 esse
274 4051 427 4115 peccatum.
449 4049 615 4115 expectatur
634 4045 747 4114 aliquid.
768 4045 843 4114 quod
856 4052 913 4105 τοῖς
931 4051 1069 4111 σκηννκαῖς
1087 4038 1173 4112 duram
1192 4043 1229 4097 sit
1247 4061 1295 4113 op·

196 4143 327 4212 positum,
346 4143 433 4196 veluti
452 4143 480 4195 in
509 4161 567 4212 arg.
587 4143 633 4196 Or.
652 4144 699 4196 ἐπὶ
730 4143 830 4208 σκηνῆς
848 4144 877 4195 et
902 4147 956 4201 τοῖς
975 4136 1054 4207 ἤθεσι
1072 4139 1146 4194 inter
1164 4158 1193 4192 se
1210 4157 1296 4209 oppo-

196 4242 311 4292 nuntur.
336 4255 419 4306 quare
438 4243 500 4294 ante
518 4241 579 4292 ἐπεὶ
590 4239 689 4292 lacuna
699 4236 855 4292 statuenda.
892 4235 1096 4290 Heimsoethius
1113 4234 1220 4289 mavult
1236 4236 1291 4306 ἔχει

198 4336 229 4388 δὲ
248 4339 294 4388 καὶ
311 4352 363 4405 pro
382 4337 442 4389 ἐπεὶ
460 4336 492 4389 δὲ
510 4340 562 4388 καί.
