3000 5176
813 310 835 372 4

277 504 434 580 gumenta
457 494 682 560 obtinuissent.
703 493 806 558 tribus
820 491 1023 576 argumentis
1035 491 1288 580 Aristophaneis
1301 493 1370 557 An·

275 607 409 690 tigonae
422 604 559 671 Medeae
572 603 778 668 Baccharum
800 601 864 665 iam
888 600 1067 666 aNauekio
1090 600 1195 666 allatis
1217 611 1368 687 quartum

276 713 402 780 addidit
426 713 700 780 Schneidewinus
723 699 954 796 Eumenidum,
976 711 1067 776 euius
1089 711 1232 776 auctoris
1250 733 1371 776 nomen

275 825 485 888 membranae
495 821 734 886 Laurentianac
756 829 938 885 servarunt.
964 819 1104 884 feliciter
1125 819 1227 903 igitur
1249 821 1371 901 evenit,

275 943 310 996 ut
325 955 368 997 ex
384 931 531 997 Graecae
546 930 735 1013 tragoediae
753 929 939 1016 principum
957 929 1111 1015 operibus
1127 929 1222 994 unius
1241 928 1370 994 fabulae

276 1040 444 1124 Aeschyli,
467 1040 603 1104 duarum
619 1039 803 1126 Sophoclis,
826 1041 922 1105 unius
944 1041 1062 1105 iterum
1086 1040 1252 1128 Euripidis
1273 1062 1369 1125 argu·

275 1159 383 1214 menta
404 1158 626 1236 superessent,
649 1170 787 1233 quorum
811 1149 1004 1237 scriptorem
1037 1148 1168 1215 codices
1199 1150 1294 1215 nobis
1323 1160 1369 1214 te-

274 1267 408 1323 stantur.
456 1257 534 1322 inde
567 1255 842 1322 Schneidewinus
874 1259 1016 1344 collegit,
1051 1259 1137 1344 quod
1170 1259 1224 1323 vel
1251 1280 1370 1346 perse

273 1366 446 1455 probabile
468 1366 538 1448 fuit,
568 1388 632 1431 non
655 1366 751 1430 unius
773 1376 897 1430 tantum
920 1367 1096 1432 alteriusve
1120 1368 1236 1432 horum
1257 1378 1369 1454 poeta-

274 1497 348 1540 rum
363 1475 488 1540 fabulas
504 1473 614 1538 dedita
627 1495 727 1560 opera
738 1475 939 1557 argumentis
956 1496 1090 1540 ornasse
1105 1475 1369 1560 Aristophanem,

273 1583 332 1649 sed
353 1593 419 1649 tres
442 1584 642 1670 tragicorum
667 1583 833 1670 principes
854 1583 979 1668 pariter
992 1583 1106 1648 studiis
1119 1584 1185 1649 suis
1200 1607 1271 1651 esse
1280 1591 1371 1650 'eom-

273 1693 418 1781 plexum.
444 1715 525 1778 quae
541 1692 732 1757 coniectura
749 1691 885 1776 egregie
898 1692 1025 1757 firmata
1045 1702 1094 1758 est
1116 1716 1164 1775 ee,
1187 1694 1274 1776 quod
1296 1704 1370 1782 post

275 1803 581 1868 commentationem
594 1799 933 1870 Selmeidewinianam
954 1823 1108 1866 numerus
1132 1824 1245 1867 earum
1266 1803 1369 1891 hypo-

273 1912 424 1993 thesium,
447 1933 528 1996 quae
551 1910 692 1975 auctoris
715 1911 764 1975 sui
784 1911 818 1975 in
841 1911 949 1975 fronte
972 1922 1090 1995 gerant
1109 1933 1238 1994 nomen,
1261 1913 1368 1977 laetis·

273 2021 353 2086 sime
386 2031 499 2087 auctus
531 2030 589 2086 est.
624 2020 896 2086 Kirchhoffii
922 2022 1008 2086 enim
1031 2043 1132 2109 opera
1153 2021 1194 2085 ad
1217 2031 1370 2106 quattuor

271 2131 329 2195 illa
353 2141 545 2216 argumenta
568 2130 810 2218 Aristophanea
833 2140 1042 2195 accesserunt
1063 2130 1134 2211 tria,
1155 2151 1237 2214 quse
1259 2130 1293 2194 in
1316 2119 1384 2193 cos

274 2239 399 2304 dicibus
424 2239 654 2326 Aristophanis
676 2239 806 2303 nomine
826 2239 982 2323 insignita
1005 2249 1090 2322 sunt,
1115 2238 1366 2304 Phoenissarum

273 2348 400 2415 Orestis
422 2349 533 2429 Rhesi,
559 2371 696 2433 quorum
722 2347 786 2412 duo
818 2350 925 2436 priora
951 2349 1178 2415 Kirehhoflius
1209 2348 1312 2413 edidit
1335 2350 1368 2412 in

272 2457 418 2522 zeitschr.
437 2455 470 2541 f.
494 2457 524 2521 d.
550 2457 838 2544 pesuruasialweseu
861 2456 940 2521 1853
962 2457 1121 2544 supplem.
1156 2458 1291 2546 Septem
1318 2458 1367 2521 his

272 2575 424 2631 octavum
449 2566 519 2654 ipse
543 2565 634 2653 potui
658 2565 791 2648 addere,
814 2565 934 2653 quippe
956 2567 1049 2631 euius
1074 2566 1214 2654 scriptor
1235 2566 1366 2631 aliunde

271 2689 368 2763 atque
391 2700 434 2742 ex
455 2678 570 2742 codiee
593 2677 774 2742 certissime
799 2685 1066 2761 cognosceretur.

370 2788 502 2869 Rerum,
526 2809 608 2874 quae
630 2787 831 2870 argumentis
843 2785 992 2850 tractavit
1005 2786 1257 2874 Aristophanes,
1274 2787 1366 2872 quiu-

272 2919 337 2982 que
362 2917 485 2981 genera
514 2896 682 2960 constituit
705 2894 992 2978 Selmeidewinns,
1026 2917 1109 2981 quae
1139 2906 1194 2959 aut
1217 2897 1367 2962 omnibus

272 3015 424 3088 quattuor
439 3004 640 3088 argumentis
656 3004 905 3092 Aristophaneis
927 3013 981 3067 aut
995 3003 1134 3089 singulis
1159 3025 1200 3067 ex
1225 3005 1275 3069 his
1291 3026 1367 3090 pro·

270 3114 342 3199 pria
365 3114 500 3192 invenit,
525 3136 673 3199 quaeque
696 3113 811 3178 litteris
835 3114 866 3177 A
880 3111 1026 3177 Boou
1050 3114 1178 3198 signata
1201 3113 1279 3199 ipsis
1297 3116 1367 3178 eius

270 3223 380 3286 verbis
403 3245 574 3310 apponam,
599 3222 726 3286 omissis
743 3233 852 3286 tamen
870 3222 1050 3305 nonnullis,
1074 3244 1156 3307 quae
1177 3221 1366 3307 explicandi

270 3331 376 3415 gratia
393 3331 522 3395 adiecit.
548 3344 622 3396 sunt
645 3342 753 3396 autem
778 3354 903 3417 genera
926 3332 1021 3396 haee:

370 3443 399 3504 A
444 3455 559 3504 auctor
582 3465 735 3505 sarratam
757 3463 875 3521 rurum,
898 3465 978 3529 quae
998 3454 1071 3503 aaut
1090 3443 1121 3503 ia
1130 3439 1264 3525 fabula,
1287 3465 1367 3526 pau·

270 3552 317 3612 ais
337 3550 571 3634 complectitur,
595 3553 743 3613 oratioue
763 3572 840 3613 rasus
863 3548 1063 3612 raembratim
1087 3551 1228 3613 concisa.

369 3663 399 3722 Β
441 3671 587 3741 attrectat,
609 3659 738 3721 solusne
767 3672 866 3742 poeta
895 3672 1120 3745 argumentum
1153 3660 1187 3720 iu
1218 3680 1366 3720 scaenam

269 3767 427 3849 attulerit,
458 3791 499 3829 aa
523 3767 575 3830 uel
595 3767 719 3855 reliqui
741 3767 803 3830 duo
828 3769 957 3851 pariter
979 3767 1032 3829 ael
1052 3768 1212 3830 alteruter
1239 3789 1367 3830 eorum:

268 3878 371 3939 usiam
394 3873 430 3939 δὲ
452 3869 470 3962 ἦ
491 3873 681 3957 prodeuntia
701 3874 755 3938 uui
778 3870 869 3958 παρά
901 3877 948 3960 τῷ
980 3875 1071 3940 δεῖνα
1100 3877 1152 3939 cel
1172 3874 1249 3958 παρ’
1274 3865 1368 3938 osida-

268 3983 352 4068 τέρῳ
374 3987 478 4048 κεῖται
504 4007 545 4046 erc
563 3981 716 4069 ⁸foraaala
740 3985 869 4048 dicitur.

371 4091 398 4156 O
444 4093 547 4156 locare·
577 4096 733 4175 actionis,
766 4096 1034 4179 corapositiouem
1065 4093 1167 4178 altori,
1194 4115 1368 4176 personam

267 4201 404 4288 prologi
422 4204 577 4286 concinat,
605 4205 638 4265 r'u
664 4227 725 4287 quo
752 4205 883 4288 erogatio
908 4201 968 4266 lrac
992 4205 1045 4266 uti
1069 4203 1152 4266 solet
1175 4222 1311 4264 aoruca:
1345 4195 1364 4286 ἡ

267 4309 326 4392 μὲν
346 4305 444 4396 σκηνή
469 4306 639 4376 Ιὑπόκειται
650 4362 753 4378 ......
756 4361 764 4393 ,
785 4307 802 4377 ὁ
826 4312 862 4377 δὲ
883 4307 982 4395 χορὸς
1004 4310 1195 4396 συνέστηκεν
1217 4309 1366 4392 ἐξ...·...,
