3000 5176
737 329 759 394 5

200 511 387 598 προλογίζει
406 513 442 579 δὲ
451 563 549 579 ......
564 517 660 578 etiam
682 515 806 578 indices
818 538 1036 600 personarum
1051 519 1296 582 concinnaoisse

199 620 453 707 Aristophanem
473 623 569 686 sealde
591 623 760 715 probabile
785 637 841 688 est.

299 729 331 794 D
364 735 503 817 apponit
526 733 737 815 didascalica,
761 733 889 822 quando
903 736 1045 819 primum
1061 735 1156 799 docta
1178 738 1220 799 sit
1236 734 1295 820 fae

200 840 285 923 bula,
310 865 371 928 qao
384 841 560 924 Archonte,
574 852 640 930 ‘qua
654 840 847 927 Olympiade
857 867 868 921 ,·
892 867 973 931 quae
991 868 1057 907 una
1079 847 1113 907 in
1134 858 1296 908 certamen

200 953 328 1016 delatae
349 956 414 1017 sint
438 954 578 1017 aliorum
597 966 770 1038 poetarum
784 950 936 1038 fabulae,
965 976 1027 1042 qao
1058 967 1170 1018 enema
1193 967 1297 1018 certa·

200 1073 265 1124 tum
286 1063 338 1141 sit,
363 1061 421 1124 sed
440 1075 476 1124 ut
497 1061 587 1124 ultra
607 1056 649 1124 cd
674 1059 767 1145 τρίτα
787 1085 853 1124 non
871 1061 1120 1146 progrediatur.

298 1168 329 1232 Ε
358 1183 533 1255 postremo,
556 1172 588 1233 si
609 1171 735 1258 quidem
758 1194 800 1233 em
813 1171 1000 1257 Antiponae
1016 1184 1207 1256 arpumento
1222 1194 1295 1235 con·

198 1281 354 1343 iacturam
378 1302 495 1364 capere
519 1280 602 1361 lieet,
627 1294 726 1367 qrsota
748 1304 892 1368 quaeque
913 1294 1029 1366 poetae
1044 1277 1168 1366 jahala
1189 1285 1223 1344 in
1241 1304 1297 1344 nu-

198 1411 286 1452 mero
310 1412 441 1474 operum
464 1403 556 1472 esset,
579 1381 758 1454 indicauit'

298 1498 344 1562 At
365 1498 414 1562 his
436 1499 583 1587 partibus
606 1521 670 1564 non
693 1499 799 1563 omnia
824 1520 896 1565 csse
918 1501 1084 1582 exhausta,
1108 1499 1224 1587 quibus
1246 1499 1291 1563 lo-

199 1628 271 1670 cum
296 1606 494 1672 concederet
515 1607 549 1670 in
563 1607 764 1692 argumentis
781 1608 849 1672 suis
865 1609 1113 1696 Aristophanes,
1136 1609 1205 1695 ipse
1221 1630 1295 1672 sen·

151 1702 154 1710 ¹
198 1714 238 1779 sit
269 1714 543 1783 Schneidewinus
577 1739 651 1781 cum
679 1716 832 1782 adderet:
864 1733 1001 1802 praeter
1030 1732 1294 1803 arpameutorum

195 1837 308 1909 partes
341 1825 418 1889 illas
451 1849 585 1890 numero
618 1829 766 1915 quiaque,
801 1850 881 1914 quoe
904 1825 984 1912 fere
1015 1841 1123 1890 certae
1143 1826 1298 1914 ficosque

192 1930 303 2016 fuisse
323 1934 485 2016 uidentur,
508 1957 573 1997 non
593 1936 789 2020 nepaoerim,
822 1933 1079 2020 Aristophanem
1101 1937 1197 1998 etiam
1218 1934 1295 1998 aliis

198 2045 324 2108 notitiis
348 2047 430 2107 scitu
452 2044 560 2129 dipnis
582 2067 623 2106 eac
643 2068 679 2106 re
703 2044 807 2107 locum
827 2046 1031 2109 concessisse.
1074 2047 1122 2107 ita
1144 2041 1296 2128 fortasse

198 2154 324 2219 iudicia
347 2153 386 2216 de
407 2155 612 2237 praestantia
627 2151 824 2237 sahselarum
846 2155 1011 2238 appinxit,
1030 2153 1089 2216 sed
1105 2159 1145 2217 'ea
1160 2153 1295 2238 perbre-

197 2265 261 2347 aia,
286 2265 413 2348 opinor,
437 2276 559 2325 etcum
583 2265 738 2325 memoria
759 2285 869 2326 rerum
890 2265 1072 2343 coniuncta,
1094 2298 1135 2309 -
1158 2285 1217 2326 accc
1240 2263 1296 2326 de-

199 2372 310 2435 decent
338 2371 600 2456 Aristophanem,
632 2394 715 2460 quae
746 2373 779 2433 in
809 2373 1008 2458 arpumentis
1042 2369 1232 2456 Euripideis
1266 2384 1296 2433 et

197 2479 449 2566 Aristophanem
466 2481 504 2544 de
522 2480 697 2544 virtutibus
715 2482 895 2544 carminum
918 2479 1057 2544 breuiter
1074 2493 1104 2542 et
1118 2480 1296 2564 prudenter

199 2590 423 2655 admouentur.
455 2614 537 2675 quac
559 2613 623 2675 quo
643 2592 713 2655 iure
736 2591 898 2655 monuerit
919 2588 1194 2658 Schneidewinus
1217 2609 1294 2653 mox

197 2698 368 2785 apparebit
390 2699 516 2763 collatis
536 2699 623 2763 inter
646 2722 681 2765 se
696 2700 897 2784 argumentis
918 2700 958 2763 ab
972 2697 1197 2783 Aristophane
1219 2719 1294 2761 con·

197 2807 303 2889 fectis,
335 2817 366 2872 et
397 2808 467 2895 ipsc
497 2808 560 2872 iam
583 2809 633 2872 vir
654 2808 769 2873 doctus
794 2809 827 2870 in
851 2806 1079 2894 persequenda
1102 2807 1293 2893 quaestione

196 2921 300 3008 probe
322 2920 497 3003 intellexit,
520 2920 637 2984 iudicia
659 2920 715 2985 illa
737 2920 778 2984 de
801 2920 1001 3007 praestantia
1022 2919 1205 2984 fabularum
1227 2920 1294 2982 sin·

197 3029 284 3115 gulis
306 3029 508 3114 argumentis
530 3029 679 3117 apposita
696 3051 761 3093 non
783 3028 889 3093 minus
914 3039 1038 3093 certam
1058 3028 1223 3113 fixamque
1247 3028 1293 3090 ef·

196 3139 311 3204 fecisse
331 3147 598 3224 argumentorum
622 3140 941 3226 Aristophaneorum
966 3138 1170 3225 particulam,
1195 3159 1292 3222 quam

196 3257 293 3312 notae
318 3246 359 3311 de
379 3248 453 3312 loco
484 3248 621 3312 actionis
644 3249 685 3312 de
707 3249 798 3313 chori
822 3247 1060 3335 compositione
1083 3246 1123 3310 de
1146 3244 1293 3310 didasca-

199 3355 269 3420 licis
294 3355 430 3440 aliisque
459 3358 567 3422 rebus.
603 3379 703 3442 quare
730 3379 812 3441 quae
844 3355 1003 3422 eiusmodi
1032 3356 1066 3419 in
1091 3354 1292 3440 argumentis

196 3465 412 3548 inveniantur,
446 3477 482 3530 ut
505 3477 635 3531 sextum
658 3466 922 3532 observationum
945 3489 1050 3550 genus
1073 3465 1184 3530 littera
1211 3464 1293 3528 nli-

198 3584 269 3639 cest
293 3584 416 3640 notare.
440 3575 480 3639 de
504 3576 641 3662 septimo
665 3574 805 3656 denique
828 3598 937 3640 rerum
957 3575 991 3640 in
1013 3575 1214 3662 argumentis
1229 3586 1292 3640 tra·

141 3676 144 3680 ’
196 3692 355 3748 staterum
377 3706 513 3769 genere,
546 3685 634 3770 quod
666 3685 778 3750 nescio
809 3709 872 3772 qus
902 3684 942 3749 dc
966 3708 1061 3749 causa
1083 3684 1233 3770 neglexit
1258 3685 1291 3747 in

197 3792 327 3858 schema
356 3817 449 3858 suum
478 3793 636 3880 recipere,
667 3794 748 3858 haec
780 3803 891 3858 monet
921 3790 1198 3859 Schneidewiuus
1221 3794 1243 3858 l.
1269 3793 1291 3860 l.

196 3926 227 3989 p.
253 3903 312 3967 13:
347 3903 484 3992 denique
511 3907 650 3967 animum
680 3903 886 3967 advertamus
917 3915 1043 3988 oportet
1071 3903 1158 3989 quod
1185 3916 1231 3966 est
1258 3905 1294 3966 in

196 4035 267 4097 erp.
300 4011 378 4074 Ant.
409 4027 486 4098 post
520 4015 686 4098 sepositas
716 4026 827 4096 partes
856 4009 998 4096 ⁸fabulae
1030 4014 1294 4100 notationemque

196 4144 332 4185 scenae:
362 4121 400 4187 τὸ
432 4120 467 4188 δὲ
483 4106 729 4210 ’κεφάλαιον
757 4120 826 4188 ἐστὶ
853 4117 963 4208 τάφος
990 4119 1211 4198 Πολυνείκους
1239 4120 1292 4185 καὶ

194 4223 387 4316 Ἀντιγόνης
408 4221 571 4315 ἀναίρεσις
591 4228 645 4293 καὶ
662 4223 767 4314 μόρος
785 4220 960 4316 Εὕριδίκης
980 4232 1040 4316 τῆς
1052 4229 1207 4312 Αἵμονος
1228 4253 1291 4315 μη-

194 4332 281 4423 τρός.
303 4363 378 4403 nam
400 4364 470 4405 cum
491 4365 595 4426 paene
617 4340 727 4404 eadem
746 4352 920 4404 recurrant
943 4340 979 4403 in
1000 4363 1070 4426 arp.
1096 4335 1175 4402 Oea.
1199 4336 1290 4425 Rep,
