3000 5176
723 329 764 395 58

192 518 284 584 λσιόι·
307 519 360 584 καὶ
380 510 506 602 ἶν’στμνόι
527 517 623 583 ἐστιν.
646 518 717 581 τίνα
736 513 795 602 γὰρ
817 512 913 602 λόγον
934 512 973 581 ἂν
997 515 1063 600 ἔχοι
1078 514 1218 605 ἥδεσθαι
1233 518 1289 583 τόν

192 625 386 698 Ἀπόλλωνα
407 637 478 710 τοῖς
499 624 712 717 όρθιόζοοσιν
735 621 840 710 dunig,-

293 741 483 807 Clarissimo
505 751 640 830 apparet
667 743 921 829 Aristophanem
946 744 1029 806 inter
1055 752 1088 806 ct
1106 743 1288 828 Didyrnum

192 849 387 914 iudiciorum
402 872 592 932 consensus,
602 850 656 914 ubi
672 850 870 925 examinant,
884 874 959 915 num
972 861 1046 938 apta
1061 851 1124 914 sint
1137 874 1289 938 persona-

193 983 262 1022 rum
274 959 417 1024 moribus
430 959 648 1044 ingeniisque,
658 980 741 1043 quae
755 970 854 1044 agant
865 959 1027 1023 dicantve.
1040 960 1080 1024 de
1091 960 1289 1025 Hermionae

194 1066 390 1156 Euripideae
405 1068 549 1132 oratione
569 1068 769 1132 iudicaverat
783 1067 1021 1155 Aristophanes
1039 1067 1073 1133 ἐν
1087 1071 1134 1152 τῷ
1148 1068 1289 1155 δευτέρῳ

192 1177 283 1261 μέρει
297 1179 391 1263 ρῆσις
402 1172 568 1262 Ἑρμιόνη-ς
581 1172 619 1242 τό
633 1171 802 1258 βασιλικόν
817 1173 1011 1263 ὑφαιροῦσα,
1031 1188 1063 1241 et
1079 1189 1114 1242 ut
1130 1178 1187 1241 ille
1206 1178 1289 1265 regi-

196 1307 256 1349 nae
270 1284 365 1349 nimis
380 1284 537 1349 humilem
552 1284 765 1368 timidamque
784 1285 963 1349 orationem
979 1286 1151 1373 vituperat,
1175 1286 1218 1350 ita
1234 1287 1288 1351 Di-

194 1394 311 1480 dymus
334 1393 479 1481 captivae
500 1393 750 1458 Andromachae
775 1393 870 1456 nimis
898 1393 1015 1458 fortem
1050 1395 1288 1480 sublimemque

128 1574 132 1581 ,
195 1504 295 1569 schol.
308 1503 385 1567 Eur.
397 1503 501 1568 Andr.
514 1482 576 1565 329
592 1501 692 1566 Aldu
702 1526 777 1583 μσς
795 1500 959 1588 μέμφεται
980 1498 1110 1581 τούτοις
1131 1499 1176 1581 ὡς
1199 1499 1289 1586 παρὰ

124 1590 129 1639 3
197 1607 238 1678 τό
263 1606 447 1696 πρόσωπα·
485 1605 676 1693 σεμνότεροι
705 1606 768 1695 yda
802 1606 832 1674 oi
866 1607 957 1695 λόγοι
981 1606 1004 1698 ἢ
1024 1606 1104 1675 κατὰ
1126 1607 1291 1698 βόρβορον

122 1726 126 1733 ’
193 1727 326 1804 γυναῖκα
350 1720 403 1784 καὶ
426 1722 658 1801 δυστυχοῦσαν.
683 1723 797 1785 confer
815 1731 984 1808 praetcrea
1000 1722 1219 1789 scholAndr.
1229 1722 1290 1788 362

196 1829 386 1911 Δίδυμος
410 1829 571 1917 μέμφεται
601 1833 683 1896 πᾶσι
709 1825 839 1907 τούτοις
860 1828 905 1908 og
927 1825 1017 1912 παρὰ
1041 1827 1153 1914 καιρόν
1176 1831 1291 1897 καὶτὰ

195 1934 370 2020 ιιρόσιοπιι.
419 1949 450 2002 et
473 1939 514 2004 ib.
528 1940 591 2003 229
620 1935 711 2024 παρὰ
732 1935 772 2003 τὰ
794 1934 962 2022 πρόσωπα
984 1939 1094 2005 δὲκαὶ
1116 1937 1197 2019 τούς
1221 1966 1290 2006 roct-

194 2043 272 2130 ροός
293 2050 402 2112 τοῦτο·
427 2052 501 2126 ιιιῡς
520 2045 578 2133 γὰρ
602 2040 660 2112 σόκ
685 2045 819 2131 ἔμελλεν
840 2045 887 2126 εἷς
909 2040 1009 2135 όργήν
1022 2053 1221 2135 καταστῆσαι
1232 2048 1292 2135 τήν

192 2154 360 2243 Ἑρμιόνην
381 2153 463 2222 acad
488 2160 547 2242 τῆς
570 2155 694 2241 μητρός
716 2159 943 2246 δυσφημοῦσα.

296 2268 506 2332 Perlustratis
531 2267 662 2332 scholiis
688 2290 746 2353 pro
781 2277 964 2332 nostrarum
991 2267 1201 2351 reliquiarum
1224 2267 1291 2332 exi-

196 2377 286 2441 litate
313 2399 377 2441 uon
403 2377 523 2463 paucis,
550 2399 631 2462 qnae
660 2377 845 2460 aDidymo
869 2376 1005 2440 oriunda
1029 2377 1214 2441 luculenter
1237 2376 1292 2441 dn-

195 2498 282 2570 cent,
304 2487 391 2551 hunc
411 2487 659 2571 grammaticum
685 2487 717 2551 in
734 2485 978 2551 commentariis
993 2487 1058 2550 suia
1074 2486 1188 2550 sedulo
1213 2508 1288 2573 opo-

196 2619 264 2660 ram
289 2617 424 2660 navasse
449 2595 509 2659 arti
533 2620 550 2658 a
570 2597 676 2682 poetis
702 2597 835 2680 tragicis
858 2595 1022 2660 adhibitae
1045 2594 1290 2680 intellegendae

197 2715 228 2768 ct
250 2703 477 2792 explicandae,
502 2714 675 2792 perspecto
699 2705 794 2768 etiam
819 2727 990 2787 consensu,
1023 2704 1076 2791 qui
1107 2704 1193 2769 inter
1223 2704 1292 2767 eius

196 2813 467 2900 ctAristophauis
481 2813 673 2878 observandi
688 2812 919 2897 iudicandique
932 2812 1093 2877 rationem
1105 2811 1290 2891 intercedit,

196 2922 258 2987 hoe
284 2932 362 3010 puto
386 2947 509 2987 summa
540 2947 614 2988 cum
643 2923 874 3011 probabilitate
908 2923 957 2986 lin
982 2945 1045 3006 qua
1068 2943 1197 3010 sempor
1219 2922 1290 2986 fere

195 3031 228 3094 in
249 3031 433 3096 huiusmodi
457 3031 700 3118 quaestionibus
723 3030 997 3115 acquiescendum
1022 3031 1083 3111 est)
1106 3051 1202 3116 posse
1217 3050 1292 3095 con-

198 3141 297 3223 tendi,
320 3162 393 3228 per
418 3142 641 3228 Didymum
667 3141 787 3204 uobis
811 3139 970 3204 tradita
993 3162 1105 3221 osse,
1126 3161 1227 3225 quae
1251 3140 1291 3202 in

197 3251 380 3317 scholiis
406 3251 567 3315 nostris
592 3251 935 3336 Aristophaneae
961 3248 1222 3336 disciplinae
1254 3249 1292 3313 in

196 3372 288 3425 arte
307 3361 476 3447 poetica
494 3359 753 3424 aestimanda
778 3359 940 3443 positae
958 3380 1059 3445 prae
1082 3381 1125 3421 se
1150 3359 1292 3423 ferant

198 3469 394 3534 colorem.

297 3577 370 3657 Qua
405 3577 529 3642 ratione
558 3576 724 3661 Didymus
749 3577 851 3664 copiis
883 3576 1111 3664 Aristophanis
1143 3600 1220 3641 usus
1242 3576 1293 3654 sit,

198 3697 305 3752 utrum
339 3687 555 3773 explicaverit
585 3696 708 3750 tantum
743 3687 812 3750 cius
837 3695 929 3750 notas
952 3687 1110 3771 signaque
1135 3687 1187 3749 vol
1217 3708 1293 3772 pro-

199 3795 324 3859 baverit
344 3795 462 3860 additis
493 3796 607 3877 causis,
644 3817 725 3878 quae
755 3796 897 3860 brevitor
926 3795 977 3858 hic
1008 3805 1039 3857 ot
1069 3794 1199 3858 conciso
1227 3815 1291 3856 mo·

199 3905 279 3986 nuit,
311 3928 349 3968 an
384 3904 424 3967 de
456 3927 513 3968 suo
544 3903 620 3988 quid
649 3903 807 3968 adiecerit
833 3904 885 3967 vel
908 3904 1049 3987 denique
1080 3925 1215 3988 prorsus
1235 3925 1293 3965 no-

198 4037 255 4078 ras
278 4013 444 4101 ingressus
471 4013 511 4078 sit
539 4014 616 4095 vias,
646 4023 736 4077 certo
768 4011 867 4076 hodie
897 4012 964 4075 erui
989 4011 1111 4098 nequit,
1134 4012 1192 4077 sed
1218 4035 1294 4099 pro-

199 4121 295 4187 babili
333 4132 457 4186 tantum
488 4121 674 4186 coniectura
707 4121 792 4210 poni.
850 4143 890 4185 ex
928 4131 994 4185 tota
1028 4119 1164 4204 Didymi
1198 4143 1293 4206 quam

198 4231 329 4296 aliunde
353 4231 517 4316 cognitam
541 4232 698 4296 habemus
730 4230 971 4296 commentandi
999 4229 1124 4293 ratione
1152 4229 1293 4313 ingenti-

199 4363 260 4425 que
295 4341 451 4406 librorum
490 4363 570 4426 quos
608 4340 787 4428 composuit
826 4336 1034 4403 multitudiue
1071 4338 1169 4423 louge
1206 4336 1293 4401 veri-
