3000 5176
649 293 690 359 33

221 481 400 567 Quousque
420 481 524 565 igitur
548 503 606 544 uos
631 501 802 566 possumus
835 479 991 567 progredi
1015 479 1048 543 in
1069 499 1218 566 perseru-

120 591 227 657 tandis
249 592 364 656 harum
387 591 571 655 litterarum
591 588 809 672 incunabulis,
832 589 1071 676 Aristophanes
1087 588 1219 673 Byzan-

120 701 184 765 tius
205 700 232 765 is
254 710 314 783 est,
337 699 392 785 qui
416 699 540 787 primus
564 699 649 763 inter
668 696 898 783 grammaticos
918 697 959 763 ad
983 709 1086 763 artem
1109 706 1219 786 poeta-

120 832 192 874 rum
209 808 434 875 scaenicorum
456 806 688 873 aestimandam
711 808 854 872 animum
878 809 1057 873 adverterit
1080 829 1218 892 eamque

121 930 209 983 certa
233 917 373 1003 quadam
386 940 499 982 norma
524 916 722 1002 explicuerit
743 938 808 981 non
822 917 861 981 ad
875 916 1099 982 diiudicandae
1121 939 1217 1001 quae-

121 1028 243 1093 stiones
268 1027 405 1108 eritieas,
430 1026 588 1090 namhoc
620 1027 684 1090 iam
706 1037 781 1091 ante
805 1049 878 1090 eum
902 1026 934 1091 in
961 1026 1104 1091 Homero
1128 1049 1219 1114 prae·

121 1137 217 1225 cipue
240 1137 360 1202 factum
375 1136 535 1218 videmus,
558 1145 613 1199 aut
631 1144 667 1201 ut
687 1136 947 1201 narratiunculas
962 1140 1113 1220 referret,
1138 1157 1219 1222 quae

121 1245 294 1333 splendida
328 1244 452 1328 ingenii
484 1267 583 1331 opera
620 1268 661 1310 ex
695 1256 831 1310 externo
860 1247 944 1334 apud
980 1246 1218 1310 rrrrrltitudinem

121 1377 272 1419 successu
294 1354 463 1418 aestimata
485 1354 702 1435 celebrarent,
737 1353 795 1418 sed
818 1363 854 1418 ut
876 1355 937 1420 sihi
961 1354 1099 1439 aliisque
1122 1353 1219 1417 virtu-

122 1473 169 1529 tes
192 1465 315 1551 pariter
335 1474 433 1550 atque
454 1463 532 1527 vitia
545 1462 730 1528 fabularum
753 1473 828 1528 ante
854 1464 963 1528 oeulos
984 1473 1131 1550 poneret,
1156 1485 1219 1546 quo

121 1572 251 1657 singula
277 1594 425 1659 quaeque
441 1572 562 1637 rectius
578 1573 862 1657 intellegerentur.
907 1581 939 1636 et
966 1581 1015 1636 sat
1041 1572 1149 1659 ampla
1171 1580 1221 1638 est

121 1703 231 1748 rerum
256 1681 442 1764 multitudo,
464 1703 542 1765 quas
559 1681 599 1745 ad
623 1691 726 1746 artem
745 1691 932 1769 spectantes
955 1682 1008 1746 vel
1032 1681 1064 1745 in
1086 1681 1217 1767 exiguis

120 1792 208 1857 illins
236 1790 384 1877 reliquiis
409 1799 560 1855 tractatas
582 1791 799 1879 repperimus.
843 1801 1073 1878 comparantur
1096 1790 1220 1856 fabula-

122 1925 206 1984 rum,
227 1901 259 1966 in
281 1900 397 1987 quihus
413 1899 499 1964 idem
515 1910 781 1985 repraesentatur
800 1901 944 1986 mythuS,
967 1901 1158 1965 oeconomia
1179 1903 1218 1966 ah

124 2008 197 2073 aliis
220 2009 325 2096 poetis
347 2007 441 2073 aliter
464 2008 621 2086 instituta,
650 2008 832 2096 disputatur
856 2009 896 2075 de
920 2010 1069 2095 prologo,
1092 2009 1219 2093 signifi-

127 2127 217 2182 catur
248 2117 359 2204 paucis
388 2117 495 2182 exitus
529 2115 693 2197 dramatis,
728 2128 882 2183 notantur
914 2118 1062 2204 singulae
1085 2140 1221 2182 scaenae

123 2237 188 2291 tam
210 2227 396 2314 praeclarae
430 2236 463 2290 et
496 2226 710 2291 admiratione
732 2225 865 2310 dignae,
899 2251 995 2314 quam
1019 2229 1126 2291 minus
1150 2249 1220 2313 per-

123 2336 229 2401 fectae
254 2346 286 2399 et
317 2335 462 2417 vitiosae,
496 2338 689 2400 observatur
720 2335 761 2401 de
784 2358 995 2423 personarum
1020 2337 1163 2400 moribus
1191 2345 1223 2400 et

123 2445 269 2531 ipsorum
293 2456 437 2510 aetorum
466 2456 498 2510 et
522 2468 645 2527 eorum,
667 2466 710 2508 ex
736 2445 854 2529 quihus
879 2445 998 2513 chorus
1022 2445 1222 2531 compositus

125 2563 184 2635 est,
208 2555 355 2639 tangitur
377 2555 486 2637 etiam,
510 2577 607 2639 quem
633 2555 730 2620 finem
754 2563 882 2641 spectet
905 2554 1027 2632 drama,
1056 2554 1222 2638 assignan-

122 2672 176 2727 tur
197 2663 340 2748 denique
376 2663 508 2729 fabulae
541 2686 600 2750 pro
635 2686 692 2728 sua
723 2684 870 2747 quaeque
902 2662 1101 2749 praestantia
1125 2663 1223 2726 certis

125 2770 317 2859 quibusdam
353 2772 523 2838 elassibus.

223 2883 294 2947 Iam
326 2893 472 2948 nostrum
502 2894 551 2947 est
576 2905 745 2967 quaerere,
778 2906 854 2947 uum
886 2884 919 2949 in
950 2883 1153 2966 argumentis
1174 2904 1223 2947 re·

124 2988 305 3054 centiorum
331 2992 618 3074 grammaticorum
649 2991 824 3056 scholiisve
848 2992 983 3056 eaedem
1015 2992 1223 3075 quaestiones

123 3098 332 3164 inveniantur
351 3100 529 3185 institutae,
557 3124 636 3187 quas
658 3104 698 3167 ah
722 3100 946 3187 Aristophane
978 3100 1095 3186 partim
1121 3110 1224 3163 motas

124 3209 241 3296 partim
265 3211 385 3274 solutas
406 3209 566 3274 videmus.
612 3233 689 3294 quas
714 3210 739 3274 si
764 3208 994 3290 invenerimus,
1031 3209 1223 3272 habebimus

126 3317 233 3396 etiam,
262 3317 301 3382 ad
333 3340 505 3403 quemnam
538 3327 704 3382 auctorem
729 3340 782 3382 eas
807 3316 999 3380 referamus.

230 3702 480 3769 Proficiscamur
507 3725 525 3765 a
547 3701 789 3788 comparatione
814 3701 880 3782 illa,
913 3723 1007 3786 quam
1031 3701 1224 3788 Aristopha-

127 3831 185 3874 nes
207 3810 294 3874 inter
324 3809 499 3898 Sophoclis
526 3809 756 3895 Euripidisque
790 3811 992 3893 Antigonam
1021 3809 1160 3874 instituit
1193 3810 1225 3873 in

125 3941 194 4003 arg.
211 3918 242 3983 Il
258 3924 303 3982 B:
337 3923 439 3984 κεῖται
465 3916 484 4005 ἡ
507 3918 696 4002 perdonatio
719 3919 772 3983 καὶ
795 3914 885 4004 παρὰ
905 3911 1068 4006 Εὐριπίδῃ
1100 3917 1133 3983 ἐν
1154 3911 1225 3982 'Av-

221 4057 326 4064 ——.-.

124 4114 229 4193 ι’ἔφατος
247 4123 282 4175 (λέ
301 4123 357 4175 ἐστι
377 4118 497 4176 καθόλου
523 4121 697 4192 incorrepta
727 4121 757 4174 ἰν
775 4121 813 4189 τῷ
832 4114 958 4191 δράματι,
985 4117 1022 4177 ὡς
1039 4114 1126 4172 oidevl
1147 4113 1226 4171 ἄλλου

126 4213 238 4288 σχεδόν.
257 4219 333 4287 quod
350 4236 383 4271 ex
401 4220 530 4272 breviore
551 4218 747 4286 Aristophanis
767 4217 847 4271 {luxit
872 4216 902 4268 τὸ
923 4215 953 4268 di
975 4216 1069 4285 δρᾶμα
1087 4215 1141 4268 τῶν
1161 4220 1224 4266 tuo·

126 4316 250 4386 μαστῶν.

1026 4412 1041 4460 3
