3000 5176
735 305 757 369 3

200 489 436 578 prolegomena
462 487 624 575 praemisi,
650 487 779 572 quibus,
803 509 885 572 quae
905 485 1078 553 denatura
1100 497 1133 553 et
1154 490 1298 554 auctori-

200 602 258 687 hus
277 599 542 664 observationum
564 597 694 661 illarum
715 596 854 662 dicenda
878 607 979 680 erant,
1001 598 1147 686 exposui.
1180 598 1213 662 in
1232 599 1294 663 hac

197 731 234 774 re
254 731 292 774 ea
314 730 392 796 prae
417 707 537 773 ceteris
559 718 591 770 et
613 706 773 771 brevitate
796 716 828 771 et
851 707 1085 794 perspicuitate
1113 730 1185 772 sese
1209 729 1296 773 corn-

198 817 373 882 mendabat
397 817 459 900 via,
479 829 515 880 ut
536 815 662 880 initium
683 815 778 881 fieret
792 816 832 879 ab
848 815 1053 899 argumentis
1068 815 1297 880 enumerandis

195 924 500 1010 examinandisque‚
529 923 617 988 unde
641 926 731 1009 quasi
767 934 883 1011 sponte
908 925 1090 1012 apparebit,
1126 947 1208 1008 quae
1241 947 1296 988 no-

200 1045 266 1102 stro
278 1034 458 1100 inserviant
473 1034 651 1122 proposito.
670 1034 914 1120 prolegomenis
927 1034 1077 1117 singulae
1093 1034 1293 1098 scholiorum

200 1147 322 1210 classes
345 1167 405 1233 pro
430 1167 488 1208 sua
511 1165 661 1230 quaeque
685 1144 820 1208 materia
840 1144 1088 1228 subiungentur.

655 1419 850 1426 ——.-....-.--—-

283 1650 374 1714 Inter
386 1656 652 1734 argumentorum
668 1649 843 1736 scriptores
856 1646 1046 1733 primarium
1060 1654 1174 1712 tenere
1189 1647 1298 1710 locum

109 1744 113 1749 ⁴
202 1759 534 1847 Aristophanem
561 1756 814 1842 Byzantium
836 1756 923 1822 inter
946 1777 1060 1821 omncs
1084 1764 1219 1821 constat.
1244 1754 1298 1839 qui

201 1867 296 1930 linius'
318 1864 520 1949 argumentis
543 1864 665 1952 primus
689 1865 892 1950 singularem
914 1885 1047 1949 operam
1071 1862 1201 1928 navavit
1219 1862 1298 1926 Au·

201 1984 356 2062 gustus
379 1972 588 2039 Nauckius
610 1974 643 2036 in
658 1972 753 2056 libro,
776 1994 839 2056 quo
861 1972 1068 2056 grammatici
1091 1972 1187 2036 huius
1213 1970 1299 2036 cele·

202 2085 335 2151 berrimi
359 2084 545 2168 fragmenta
568 2080 705 2166 collegit
728 2091 760 2146 et
784 2081 977 2168 disposuitss,
1011 2082 1095 2145 hauc
1126 2104 1225 2146 unam
1247 2082 1298 2145 in-

203 2194 316 2280 primis
339 2215 409 2258 rem
424 2191 465 2256 ad
484 2190 643 2276 liquidum
656 2189 821 2278 perduxit,
840 2185 1032 2268 ὑποθέσεις,
1053 2213 1135 2277 quae
1150 2191 1299 2255 versibus

203 2303 352 2367 astrictae
380 2303 413 2366 in
434 2302 537 2394 libris
564 2301 683 2368 nostris
707 2300 936 2386 Aristophanis
962 2322 1081 2366 nomen
1098 2323 1176 2388 prae
1199 2323 1235 2366 se
1254 2301 1300 2364 fe·

203 2421 286 2493 rant,
309 2411 543 2476 ahiudieandas
570 2433 641 2476 esse
665 2410 742 2475 huic
764 2409 979 2495 grammatico
1003 2419 1036 2475 et
1060 2409 1218 2474 mediocri
1243 2410 1299 2474 tri·

204 2520 350 2584 buendas
370 2519 585 2584 versificatori
597 2519 789 2584 Tzetzarum
803 2518 1102 2604 Tricliniorumque
1114 2519 1210 2585 aetati
1224 2544 1302 2607 sup-

204 2628 284 2713 pari.
305 2629 488 2714 pleniorem
503 2651 575 2692 cum
589 2628 733 2716 ipsorum
746 2638 1017 2713 argumentorum
1029 2639 1097 2692 tum
1108 2629 1302 2716 Aristopha-v
1317 2632 1328 2647 ‘

204 2737 265 2819 nis,
286 2747 554 2824 argumentorum
579 2737 756 2825 scriptoris,
781 2735 931 2801 notitiam
958 2737 1115 2802 dehemus
1134 2735 1302 2804 Schnei-

205 2845 389 2930 dewino,
422 2846 476 2932 qui
510 2845 543 2909 in
566 2827 841 2911 commentatione
867 2846 906 2909 de
928 2845 1155 2932 hypothesibus
1179 2861 1304 2933 trapae-

206 2955 335 3019 diarum
377 2955 577 3020 Graecarum
618 2955 842 3041 Aristophani
875 2954 1058 3042 Byzarttino
1099 2956 1304 3020 vindicandis

209 3064 414 3149 conscripta4
438 3086 481 3128 ex
502 3063 614 3129 indole
638 3074 669 3128 et
694 3064 894 3152 proprietate
917 3075 1197 3148 argumentorum,
1221 3087 1303 3149 quae

209 3173 366 3238 librorum
388 3172 580 3237 auctoritate
598 3172 813 3260 Aristophani
829 3172 1048 3258 assignantur,
1070 3173 1210 3260 primum
1233 3196 1305 3238 cer-

208 3291 272 3346 tam
295 3304 442 3346 normam
467 3290 734 3366 constantemque
756 3280 915 3346 rationem
943 3283 1038 3364 cruit,
1060 3304 1157 3366 quam
1178 3283 1304 3348 Aristo·

205 3391 330 3476 phanes
346 3389 380 3453 in
393 3388 627 3476 componendis
640 3389 880 3476 hypothesibus
896 3400 1027 3454 secutus
1040 3412 1111 3455 esse
1124 3389 1304 3473 videretur,

206 3497 325 3561 deinde
349 3496 498 3581 vestigiis
523 3496 687 3580 insistens,
710 3518 792 3583 quae
817 3495 961 3562 ciusdem
985 3496 1105 3562 indolis
1132 3498 1304 3562 doctrinae

205 3606 413 3694 proprietatis
436 3605 468 3669 in
490 3604 628 3691 reliquis
642 3606 843 3691 argumentis
859 3617 1066 3693 apparerent,
1086 3606 1301 3694 Aristophani

206 3715 394 3798 vindicavit,
417 3736 500 3800 quae
523 3724 559 3778 nt
580 3713 829 3802 Aristophanen
852 3717 914 3779 lroc
939 3716 1035 3780 modo
1060 3738 1094 3780 se
1117 3716 1305 3802 proderent,

207 3825 348 3912 denique
372 3825 484 3889 sedem
507 3825 681 3909 exquirere
709 3834 845 3890 conatus
867 3834 926 3908 cst,
949 3848 1046 3910 quam
1063 3825 1237 3908 genuinam
1257 3849 1305 3889 ar·

306 4044 322 4094 3
343 4045 534 4112 Aristophanis
551 4043 677 4111 Byzantii
694 4046 868 4111 prrirnnrutici
879 4045 1062 4096 Alexandrini
1079 4048 1232 4113 [reponente
1251 4047 1307 4097 eol-

208 4141 272 4209 topia
291 4151 316 4192 et
338 4140 470 4207 disposuit
489 4140 624 4207 Augustus
646 4140 740 4190 Nauck
758 4135 836 4190 Halis
857 4139 925 4191 1848
944 4156 972 4207 p.
987 4140 1136 4194 252-263.

306 4237 323 4286 4
340 4233 470 4288 Recitata
490 4238 534 4288 est
552 4233 752 4287 commentatio
773 4234 801 4287 in
811 4251 944 4288 consessu
959 4235 1103 4289 societatis
1114 4237 1207 4306 regiae
1218 4237 1304 4291 scien·

207 4327 310 4381 tiaram
320 4327 513 4397 Gottingensis
531 4327 558 4381 d.
569 4327 606 4382 lV
616 4327 866 4383 decembr.a.1852
887 4333 915 4382 et
934 4327 1011 4383 edita
1024 4329 1175 4399 Gottingae
1195 4321 1217 4385 a.
1228 4333 1304 4387 1853.
