3000 5176
667 305 706 371 71

239 490 348 558 Aliter
371 515 423 556 res
447 515 482 557 se
505 492 603 557 habet
626 491 659 557 in
683 489 814 555 scholiis
838 489 1086 556 Homericis.
1107 490 1141 556 in
1165 492 1232 576 qui·

136 604 198 668 bus
230 623 313 687 quae
347 602 388 667 sit
421 604 536 667 harum
570 602 835 667 observationum
862 600 1011 666 condicio
1045 601 1235 688 priusquam

138 712 331 778 adumbrare
346 734 510 792 conemur,
534 733 636 797 pauca
656 709 901 797 praemonenda
923 721 998 774 sunt
1021 709 1062 775 de
1081 713 1235 776 universa

139 821 335 886 scholiorum
361 842 443 905 quae
466 821 500 884 in
525 820 651 886 duobus
675 818 844 884 codicibus
865 818 1005 883 Venetis
1029 828 1142 883 extant
1163 843 1236 883 con-

139 929 279 1011 dicione,
301 952 396 1013 quam
409 951 514 1015 nuper
527 929 722 992 Valentinus
735 928 851 993 Rosius
864 928 897 990 in
910 927 1100 992 Aristotelis
1115 929 1234 1013 pseud·

140 1038 313 1126 epigraphi
335 1039 499 1103 volumine
524 1037 627 1123 primo
648 1060 679 1123 p.
694 1037 752 1101 153
765 1059 836 1121 sqq.
853 1038 1036 1102 accuratius
1052 1037 1233 1124 descripsit.

141 1167 183 1210 ex
205 1146 275 1211 eius
298 1146 431 1234 perutili
455 1147 587 1231 quidem
610 1134 816 1212 at'intricata
847 1159 878 1213 ct
901 1149 1075 1213 intellectu
1104 1171 1168 1214 uon
1191 1149 1236 1212 fa·

140 1255 194 1320 cili
217 1255 489 1322 commentatione
511 1256 706 1339 gravissima
730 1257 782 1321 hic
806 1257 903 1321 liceat
928 1269 1088 1343 repetere.

188 1394 189 1402 ¹
238 1365 315 1430 Tria
328 1365 560 1448 distinguenda
574 1376 651 1430 sunt
672 1366 705 1430 in
722 1366 848 1432 duobus
870 1367 935 1432 illis
956 1367 1121 1433 codicibus
1145 1368 1237 1433 scho-

139 1472 259 1537 liorum
282 1495 417 1556 genera,
443 1497 544 1538 unum
566 1473 599 1537 in
622 1474 694 1538 cod.
708 1474 794 1538 Ven.
809 1475 850 1556 A,
867 1473 931 1539 duo
957 1475 991 1538 in
1012 1475 1081 1541 cod.
1099 1476 1184 1540 Ven.
1198 1477 1236 1542 Β.

140 1581 247 1646 codex
270 1581 357 1646 cuim
379 1582 407 1645 B
432 1593 562 1668 praeter
587 1582 700 1649 Iliadis
730 1592 858 1647 textum
889 1584 922 1648 in
949 1593 1127 1668 utroque
1153 1608 1238 1650 mar-

140 1691 218 1775 gine
242 1691 263 1757 i.
287 1713 314 1756 e.
337 1691 494 1756 interiore
516 1703 547 1755 et
573 1693 736 1757 exteriore
759 1693 882 1758 scholia
905 1694 1039 1758 exhibet
1061 1693 1238 1777 diligenter

141 1810 174 1864 et
198 1800 379 1865 litterarum
404 1799 628 1884 magnitudine
648 1810 680 1864 et
703 1801 774 1866 loco
795 1801 882 1866 inter
904 1823 938 1866 se
960 1802 1122 1882 distincta,
1153 1825 1234 1889 qnae

142 1930 275 1994 prorsus
298 1907 449 1974 diversae
472 1909 657 1974 recensioni
683 1909 847 1995 originem
874 1909 1005 1975 debent.
1025 1909 1238 1975 interioris

98 2068 100 2072 .
142 2016 298 2101 marginis
322 2018 446 2082 scholia
470 2019 586 2083 eodem
608 2018 746 2084 subinde
774 2020 864 2083 fonte
889 2019 1035 2084 nituntur
1058 2043 1095 2084 sc
1113 2019 1238 2085 scholia

142 2126 214 2193 cod.
231 2127 264 2191 A
295 2136 326 2190 et
354 2125 518 2191 interdum
544 2127 671 2191 easdem
698 2151 751 2190 res
781 2126 887 2190 uerbis
915 2141 971 2190 aut
999 2127 1159 2191 similibus
1181 2143 1239 2193 aut

145 2235 233 2323 quod
252 2238 362 2299 rarius
386 2239 490 2298 euenit
514 2235 631 2298 eisdem
647 2234 728 2319 fere
747 2234 900 2300 reddunt.
933 2235 1056 2299 fontem
1080 2235 1173 2301 illum
1195 2259 1237 2302 ex

144 2366 209 2429 quo
234 2353 345 2408 auctor
361 2343 561 2408 scholiorum
575 2343 670 2408 codd.
682 2343 715 2408 A
728 2353 760 2408 et
774 2343 799 2405 B
812 2339 871 2408 int.
884 2367 925 2408 m.
943 2343 1057 2426 bausit,
1079 2345 1239 2410 recentio-

143 2475 212 2517 rem
227 2452 413 2540 Porphyrio
438 2473 508 2517 esse
530 2450 645 2517 Rosius
668 2451 807 2537 collegit
828 2474 872 2515 ex
894 2452 997 2519 schol.
1012 2453 1042 2516 A
1058 2453 1159 2536 Aes,
1182 2452 1238 2519 ubi

144 2561 350 2650 Porphyrius
371 2561 502 2628 nomine
524 2561 649 2626 citatur.
675 2563 714 2625 ab
733 2562 783 2625 his
800 2561 927 2625 duobus
943 2562 1186 2627 commentariis
1200 2563 1239 2645 is,

145 2676 199 2762 qui
221 2677 255 2740 in
279 2676 498 2740 exteriore
524 2675 637 2741 eod.B
660 2676 810 2762 margine
826 2677 968 2764 scriptus
983 2686 1042 2760 est,
1057 2685 1125 2741 toto
1147 2678 1238 2742 caelo

146 2786 253 2851 distat.
304 2806 378 2849 nam
405 2806 486 2868 quae
516 2785 594 2848 tanti
625 2785 721 2870 pretii
742 2795 818 2851 sunt
839 2785 873 2850 in
897 2786 1017 2851 cod›.A
1043 2787 1239 2851 observatio·

146 2918 204 2960 nes
238 2904 390 2979 quattuor
426 2893 714 2977 grammaticorum
749 2895 927 2960 Aristonici
957 2894 1095 2982 Didymi
1136 2896 1239 2960 Hero·

147 3003 234 3068 diani
255 3002 440 3085 Nicanoris,
464 3002 572 3067 nullae
599 3003 755 3086 leguntur
776 3004 811 3067 in
835 3003 950 3070 eod.B
972 3015 1074 3070 exter.
1087 3028 1141 3089 m.‚
1165 3028 1239 3070 cum

145 3104 288 3180 B'inter.
302 3115 529 3180 muonnullas
549 3136 628 3180 sane
650 3137 722 3178 cum
746 3115 779 3179 A
800 3115 918 3180 habeat
942 3137 1142 3180 communes.
1166 3115 1238 3179 cod.

146 3225 173 3288 B
197 3233 299 3288 exter.
324 3245 366 3288 m.
391 3232 505 3288 contra
527 3224 658 3310 propria
681 3232 756 3287 sunt
780 3222 909 3306 integra
933 3223 1111 3311 Porphyrii
1137 3223 1239 3288 Hera·

147 3333 214 3397 cliti
238 3331 437 3417 Diogeniani
460 3332 654 3416 fragmenta,
691 3354 772 3418 quae
801 3332 893 3396 nulla
919 3332 1049 3396 suntin
1073 3333 1116 3399 A.
1164 3333 1242 3397 licet

147 3443 233 3506 enim
262 3450 375 3506 auctor
403 3440 627 3506 commentarii
650 3446 682 3507 A
714 3440 888 3528 Porphyrii
922 3463 1002 3527 opus
1033 3441 1086 3505 hic
1115 3441 1183 3506 illic
1206 3442 1241 3504 in

145 3574 240 3616 usum
261 3574 354 3616 suum
379 3551 586 3632 converterit,
616 3553 689 3635 ipsa
715 3550 900 3636 Porphyrii
926 3550 1024 3614 verbu
1051 3554 1242 3638 integraque

148 3665 370 3750 quaestionum
393 3658 643 3723 Homericarnm
666 3658 856 3745 fragmento
878 3661 912 3722 iu
934 3663 1097 3723 exteriore
1120 3675 1243 3724 tautum

147 3770 218 3834 eod.
236 3767 264 3831 Β
285 3771 431 3854 margine
456 3769 615 3852 leguntur.
638 3768 757 3856 iterum
772 3766 798 3829 B
815 3767 911 3832 inter.
924 3791 966 3832 m.
979 3767 1124 3832 medium
1140 3778 1243 3832 tenet.

148 3901 222 3943 nam
256 3888 291 3941 ut
326 3887 478 3961 quattuor
510 3876 641 3940 illorum
673 3877 960 3961 grammaticorum
983 3887 1076 3941 notas
1109 3899 1182 3941 cum
1210 3878 1241 3941 A

147 3988 245 4053 habet
264 4008 463 4069 communes,
485 3985 528 4048 ita
550 3988 592 4049 cx
618 3985 861 4070 quaestionibus
886 3985 1064 4072 Porphyrii
1079 3983 1244 4049 ‚Homeri-

149 4097 194 4164 cis
228 4098 327 4180 louge
361 4097 456 4184 plura
486 4094 630 4172 exhibet,
661 4116 755 4178 quarn
778 4095 821 4176 A,
847 4103 880 4158 at
900 4094 1021 4179 ubique
1051 4092 1086 4156 in
1110 4093 1242 4158 brevius

149 4217 326 4274 contracta.
372 4208 432 4273 hac
465 4206 664 4273 scholiorum
695 4204 888 4270 condicione
920 4213 1091 4290 perspecta
1113 4204 1176 4268 iam
1204 4202 1245 4266 ad

149 4327 290 4382 nostram
316 4329 517 4382 transeamus
541 4316 778 4401 quaestionem.
