3000 5176
702 316 744 382 66

181 498 302 566 Phocu.
324 501 385 564 909
408 503 472 565 100
500 501 676 566 referenda
700 513 775 567 sunt
798 502 913 568 scholl.
936 502 1276 587 011Α100.828,1184

182 608 304 675 Phoen.
318 611 390 692 007,
404 611 494 676 1606.

279 720 324 782 Vt
347 719 517 805 vituperia,
540 742 622 807 quae
645 721 695 785 his
721 720 801 786 locis
827 721 860 786 in
879 721 1072 809 Euripidem
1094 722 1275 804 mittuntur,

181 829 261 892 miro
285 829 382 894 modo
405 829 490 894 inter
511 851 545 894 se
570 830 786 907 consentiunt,
809 831 853 893 ita
877 839 913 893 ut
936 855 953 894 a
976 830 1121 915 Didymo
1146 832 1276 896 Aristo-

179 937 294 1025 phanis
316 949 408 1002 notas
432 938 669 1024 interpretante
696 937 834 1002 oriunda
857 962 895 1003 ea
918 961 989 1004 esse
1014 940 1091 1003 mihi
1113 943 1211 1026 plene
1236 941 1277 1005 sit

177 1069 379 1134 persuasum,
401 1045 446 1110 ita
469 1068 569 1110 unum
591 1068 671 1133 prae
694 1069 727 1111 se
749 1047 860 1111 ferunt
882 1047 1035 1129 cotenon,
1058 1070 1140 1133 quae
1162 1060 1276 1113 eontra

179 1177 258 1229 ca,a
281 1155 452 1221 defensore
474 1156 601 1242 prolata
626 1166 708 1220 sunt.
754 1156 919 1221 Teucrum
949 1157 1044 1221 nimis
1076 1167 1218 1223 atrocem
1244 1167 1278 1221 et

180 1264 247 1329 suis
258 1263 381 1329 viribus
403 1263 500 1329 nimis
524 1266 644 1328 fretum
662 1273 830 1329 notaverat
845 1265 1010 1350 Didymus
1026 1266 1066 1329 ad
1079 1265 1172 1331 Aiac.
1185 1267 1276 1330 1123.

181 1373 323 1438 cundem
348 1373 458 1461 culpat
477 1374 567 1460 quasi
581 1395 736 1437 vesanum
752 1372 791 1436 ad
805 1398 836 1438 v.
855 1376 936 1439 1184
950 1366 1213 1460 ἀπονενοημένοσ
1233 1374 1275 1440 soi

177 1479 392 1569 <τόῖ>πάντα
405 1479 462 1548 iaci
474 1475 564 1568 011τῴ
577 1474 777 1562 ἀνατιθέναι,
790 1509 862 1549 cum
874 1485 1008 1550 Aiacem
1024 1506 1058 1548 se
1070 1484 1273 1571 sepulturum

178 1615 248 1658 esse
273 1592 397 1660 etiamsi
421 1593 530 1657 nullus
554 1594 740 1681 permiserit
761 1597 856 1659 iuret.
901 1595 947 1658 sie
969 1594 997 1658 ei
1027 1586 1202 1678 ἀλόγιστος
1225 1603 1274 1657 001

177 1697 386 1787 όἘτεοκλῆς
408 1703 533 1768 Phoen.
551 1705 629 1785 507,
662 1703 899 1788 καταγέλαστος
922 1699 940 1768 d
965 1698 1061 1780 Αἴας
1087 1704 1180 1769 Aiac.
1204 1703 1275 1784 828,

176 1806 317 1893 μάταιος
340 1805 357 1875 ό
378 1804 571 1891 Ταλθύβιος
585 1811 789 1893 11001408,
813 1803 936 1897 εὐήθης
959 1807 977 1896 ἦ
1000 1806 1119 1897 Ἑκάβη
1139 1812 1182 1876 11.
1197 1812 1277 1874 1030

179 1929 211 1985 01
233 1942 315 2004 quae
339 1930 413 1984 sunt
436 1919 562 1985 similia.
589 1931 704 1984 eontra
725 1931 789 1984 tam
814 1943 933 2005 graves
957 1921 1204 2006 obiurgationes
1226 1921 1276 1984 vi-

177 2031 226 2094 les
248 2040 324 2094 sunt
348 2051 464 2094 causae
487 2028 653 2114 levesque,
687 2051 765 2114 quas
789 2031 871 2094 alter
894 2030 1068 2095 scholiasta
1090 2054 1148 2119 pro
1176 2040 1274 2118 poeta

179 2148 296 2204 movet.
341 2137 535 2201 vilissimum
570 2147 627 2214 ost,
663 2160 727 2222 quo
752 2138 947 2227 Euripidem
980 2138 1065 2204 tucri
1099 2138 1209 2203 studet
1235 2138 1276 2202 od

179 2244 286 2309 Andr.
304 2245 374 2325 133,
397 2244 451 2307 uhi
477 2266 550 2307 eum
572 2238 739 2327 πλάσματι
761 2248 907 2331 χρῆσθαι
931 2246 1008 2310 dicit
1031 2247 1063 2309 in
1087 2245 1274 2311 inducendo

178 2356 329 2422 Menelao
355 2355 395 2421 de
419 2356 508 2420 bello
532 2356 812 2444 Peloponnesiaco
844 2355 1020 2439 cogitante.
1070 2378 1133 2420 non
1157 2356 1273 2418 melius

177 2464 344 2529 contendit
364 2463 457 2530 dacae
477 2469 537 2530 τοῦ
552 2463 598 2543 εἷς
616 2457 727 2530 οἶκτον
742 2468 868 2552 κινῆσαι
891 2463 971 2542 τούς
993 2464 1185 2548 θεωμένους
1206 2461 1271 2529 Oe-

178 2574 289 2662 dipum
311 2574 423 2640 dicere
449 2575 481 2638 in
506 2575 627 2640 Phocn.
650 2574 739 2656 1606,
762 2597 796 2639 se
821 2574 950 2658 Polybo
976 2574 1089 2638 servi
1115 2574 1186 2638 loco
1210 2584 1272 2638 tra·

179 2684 281 2748 ditum
309 2684 420 2768 fuisse,
451 2707 646 2770 quamquam
680 2685 809 2748 Iocasta
838 2683 879 2746 de
902 2683 1021 2768 Polybi
1051 2705 1155 2747 uxore
1187 2683 1275 2747 clare

179 2803 367 2857 narraverat
401 2815 431 2857 y.
455 2794 496 2857 30
528 2787 548 2878 ἡ
581 2791 617 2857 δὲ
647 2792 705 2857 τόν
735 2787 813 2875 ἐμόν
846 2784 972 2856 ιόόίνισν
1006 2785 1110 2857 πόνον
1138 2795 1276 2874 μαστοῖς

178 2899 308 2991 ὑφεῖτο,
330 2902 384 2967 καὶ
406 2897 507 2968 πόσιν
528 2901 643 2967 πείθει
667 2905 783 2966 τεκεῖν.
828 2901 890 2965 100
913 2910 1107 2984 argumento
1130 2899 1216 2964 idem
1241 2922 1275 2964 se

179 3010 297 3099 prodit,
318 3011 372 3098 qui
397 3011 729 3077 1000101.Α100.81ί)
750 3010 873 3093 μᾶλλον
896 3007 1054 3094 ἐκπλῆξαι
1074 3003 1275 3091 βουλόμενον

179 3120 380 3208 Sophoclem
404 3120 545 3186 1001101
568 3121 668 3205 longe
690 3118 830 3207 plurima
853 3116 1052 3182 defensionis
1075 3115 1272 3182 adminicula

179 3253 221 3296 ex
249 3252 338 3295 more
363 3239 394 3294 et
413 3229 558 3312 ingeniis
577 3251 790 3317 personarum
814 3223 1004 3311 desumpsit,
1026 3225 1197 3310 inquibus
1220 3225 1275 3289 de·

181 3338 356 3426 pingendis
367 3339 541 3427 Euripides
564 3338 646 3402 nihil
660 3348 790 3403 secutus
806 3346 891 3401 esset
906 3335 966 3400 nisi
990 3345 1138 3398 naturam
1160 3335 1271 3398 huma-

177 3472 252 3514 nam
275 3449 522 3532 veritatemquo,
545 3445 600 3511 ubi
625 3446 755 3511 sobrius
777 3445 942 3529 Didymus
966 3443 1098 3509 absurdi
1124 3444 1199 3529 quid
1222 3445 1276 3509 vel

179 3557 289 3624 stolidi
306 3557 491 3645 repperisse
515 3556 576 3621 sibi
600 3557 688 3621 visus
708 3565 785 3620 erat.
808 3556 869 3620 cfr.
883 3554 1103 3620 scholl.Aiae.
1117 3553 1198 3617 1184
1220 3578 1276 3640 ριγ-

177 3666 252 3733 τέον
283 3654 359 3752 οὖν,
392 3663 445 3732 ότι
474 3663 541 3732 ὑπό
571 3665 802 3755 φιλοστοργίας
829 3659 936 3728 πάντα
963 3662 1045 3748 λέγει
1086 3661 1273 3746 ὑπομενεῖν.

177 3779 220 3842 ib.
244 3776 305 3841 828
327 3774 441 3861 ριγτέον
463 3763 529 3855 οὖν,
551 3770 603 3840 ότι
623 3773 743 3858 ἰδίωμα
765 3777 832 3839 τῶν
854 3768 1047 3860 ἀνθρώπων
1065 3769 1103 3838 τό
1127 3769 1172 3858 μή
1193 3766 1276 3854 βοό-

179 3887 300 3951 λεσθαι
322 3880 403 3963 τούς
425 3879 571 3967 έχθροός
594 3879 830 3970 ἕναβρύνεσθαι
854 3875 967 3961 αὐτοῖς
991 3882 1045 3947 καὶ
1073 3877 1191 3948 τούτου
1214 3875 1276 3964 μό-

179 4019 235 4060 νον
257 3985 516 4060 ἀντιποιοῦνται.
539 3994 662 4060 Phoen.
679 3993 740 4058 909
754 3992 842 4079 λέγοι
863 3994 890 4058 d'
915 3983 958 4057 ἀν
978 4016 1036 4074 τις,
1059 3985 1111 4057 ότι
1133 3984 1276 4076 γεννικόν

179 4102 248 4169 ἐστι
267 4100 305 4169 τό
330 4098 516 4190 πρόσωπον
537 4104 591 4168 καὶ
612 4098 799 4191 φιλόδοξον,
835 4096 881 4179 ἀς
906 4101 959 4166 καὶ
988 4097 1047 4165 τίν
1067 4098 1175 4187 ψυχὴν
1195 4122 1276 4183 προ·

179 4213 279 4281 έσθαι
306 4213 388 4300 ὑπὲρ
409 4206 563 4293 εάκλείας.
609 4214 651 4279 11.
670 4215 731 4279 507
765 4209 851 4298 πρός
879 4204 899 4278 ii
921 4212 1045 4300 ρητέσν,
1070 4205 1123 4277 ότι
1141 4210 1276 4297 μίμησιν

179 4315 301 4407 ἀνδρός
322 4315 434 4388 ἀόίκοα
458 4322 640 4406 ἐξεικονίζει
664 4318 742 4410 ἡμῖν
763 4319 782 4388 ό
803 4314 995 4410 Εάριπίόης,
1017 4320 1090 4387 alia.
1113 4321 1171 4386 hos
1193 4319 1274 4385 fines
