3060 5182
823 334 865 400 58

293 523 384 588 loioo
407 523 461 588 καὶ
481 514 606 607 ἶν’σεμνό
628 521 723 587 ἐστιν.
746 522 817 587 τίνει
837 517 895 607 γὰρ
918 517 1014 606 λόγον
1035 517 1074 586 lla
1097 521 1166 606 ἔχοι.
1179 519 1320 610 ἥδεσθαι
1333 523 1390 589 τόν
1412 510 1415 519 ’

292 628 487 702 Ἀπόλλωνα
507 641 579 714 τοῖς
600 629 812 720 όρθιάζουσιν
835 626 940 715 ὅνους,-

394 745 583 812 Olarissime
605 756 740 834 apparet
767 746 1022 833 Aristophanem
1047 748 1130 811 inter
1156 758 1189 812 et
1207 747 1389 834 Didymum

292 854 488 919 iudiciorum
502 855 757 936 consensus‚ubi
772 854 970 930 examinant,
985 879 1059 920 num
1073 866 1147 942 apta
1161 856 1224 920 sint
1237 879 1390 944 persona-

294 987 362 1026 rum
374 963 518 1029 moribus
531 963 748 1048 ingeniisque,
759 985 841 1047 quae
855 973 954 1049 agant
966 963 1128 1028 dicantvc.
1140 965 1180 1030 de
1192 965 1390 1030 Hermionae

293 1071 490 1159 Euripideae
505 1072 649 1136 oratione
669 1072 869 1137 iudicaverat
883 1072 1122 1159 Aristophanes
1139 1072 1173 1138 ἐν
1187 1077 1235 1157 τῷ
1249 1074 1389 1160 δευτέρῳ

292 1180 383 1265 μέρει
397 1183 492 1267 ρῆσις
503 1176 668 1266 Ἑρμιόνος
681 1176 719 1245 τό
733 1176 902 1262 βασιλικόν
917 1177 1111 1269 ὑφαιροῦσα,
1132 1192 1163 1246 et
1179 1193 1215 1246 ut
1231 1183 1287 1247 ille
1306 1183 1390 1270 rogi·

296 1311 356 1353 nae
370 1288 464 1353 nimis
480 1288 637 1352 humilem
653 1288 865 1373 timidamque
884 1290 1063 1353 orationem
1079 1291 1252 1376 vituperat,
1276 1291 1320 1355 ita
1335 1292 1389 1356 Di·

294 1398 411 1484 dymus
434 1397 579 1484 captivae
600 1396 850 1462 Andromachae
875 1398 970 1460 nimis
998 1397 1115 1462 fortem
1151 1399 1389 1485 sublimemque

228 1578 231 1589 Ι
295 1508 395 1572 schol.
408 1507 485 1571 llur.
497 1507 601 1572 Andr.
614 1484 676 1569 329
692 1505 877 1587 Δίδυμος
895 1504 1059 1592 μέμφεται
1080 1503 1210 1586 τούτοις
1232 1503 1277 1586 ὠς
1300 1503 1390 1592 παρὰ

197 1592 230 1687 ῥ’,
296 1611 338 1681 τοὶ
363 1611 548 1698 πρόσωπα·
585 1607 776 1698 σεμνότεροι
805 1610 868 1699 γάρ
902 1609 932 1678 οἳ
966 1610 1058 1700 λόγοι
1081 1610 1104 1702 ἢ
1124 1612 1204 1680 κατὰ
1227 1612 1392 1701 βάρβαρον

223 1718 226 1735 ⁵
293 1730 426 1808 γυναῖκα
450 1724 502 1788 καὶ
526 1724 758 1805 δυστυχοῦσαν.
783 1727 897 1789 confer
915 1734 1084 1812 practerea
1100 1727 1391 1794 scholaram-362

295 1832 486 1914 Δίδυμος
509 1832 672 1920 μέμφεται
701 1837 783 1899 πᾶσι
809 1829 939 1911 τοότοις
960 1832 1005 1912 τός
1027 1831 1117 1917 παρὰ
1141 1831 1253 1918 καιρόν
1276 1835 1391 1900 καὶτὰ

294 1937 470 2024 πρόστυπα.
519 1953 550 2005 ct
572 1943 614 2007 ib.
628 1943 690 2006 229
720 1938 810 2026 νεαρὰ
832 1938 872 2006 τὰ
894 1937 1063 2025 τιρόσωντο
1084 1943 1119 2009 δὲ
1140 1943 1193 2009 καὶ
1216 1940 1297 2023 τούς
1321 1970 1390 2010 και-

294 2046 372 2133 ροός
393 2054 502 2116 τοῦτο·
527 2055 600 2129 πῶς
619 2048 678 2136 γὰρ
702 2044 761 2116 ocia
785 2049 918 2135 ἔμελλεν
940 2048 987 2129 εἰς
1009 2043 1109 2138 όργήν
1122 2057 1321 2140 καταστῆσαι
1333 2052 1393 2140 τῆν

292 2157 460 2245 Ἑρμιόνην
481 2157 563 2225 κατυῖ
588 2163 647 2246 τῆς
670 2157 794 2244 μητρός
817 2163 1043 2249 δυσφημοῦσα.

375 2270 606 2335 .Perlustratis
631 2270 762 2335 scholiis
788 2293 846 2356 pro
881 2279 1065 2334 nostrarum
1091 2271 1301 2355 reliquiarum
1324 2273 1392 2337 exi-

296 2379 386 2443 litate
412 2401 477 2444 non
502 2379 622 2465 paucis,
649 2402 731 2465 quac
760 2379 945 2463 aDidymo
968 2380 1105 2444 oriunda
1129 2381 1314 2445 luculenter
1337 2381 1392 2445 do-

295 2500 382 2572 cent,
404 2490 491 2554 hunc
511 2489 759 2573 grammaticum
785 2490 817 2553 in
834 2489 1077 2554 commentariis
1093 2490 1158 2554 suis
1174 2490 1288 2554 sedulo
1312 2512 1388 2578 ope-

296 2621 363 2662 ram
388 2620 524 2663 navasse
548 2598 608 2661 arti
633 2622 650 2661 a
670 2599 776 2684 poetis
802 2599 934 2682 tragicis
957 2598 1122 2663 adhibitae
1145 2599 1390 2684 intellegendae

296 2717 328 2772 et
350 2707 577 2794 explicandae,
601 2717 775 2794 perspecto
798 2707 894 2770 ctiam
918 2729 1090 2790 consensu,
1122 2707 1176 2795 qui
1207 2708 1293 2773 inter
1323 2709 1392 2773 eius

296 2825 327 2879 ct
337 2815 567 2902 Aristophanis
581 2816 773 2880 observandi
788 2815 1019 2901 iudicandiquc
1032 2815 1191 2881 rationem
1204 2817 1390 2897 intercedit,

296 2926 358 2991 hoc
383 2938 461 3012 puto
485 2949 609 2990 summa
639 2949 713 2991 cum
743 2926 974 3014 probabilitate
1008 2926 1057 2989 (in
1082 2948 1145 3010 qua
1168 2949 1298 3015 scmpcr
1320 2928 1390 2992 fere

295 3035 328 3098 in
349 3034 532 3099 huiusmodi
556 3034 800 3120 quaestionibus
822 3034 1097 3118 acquiescendum
1121 3036 1182 3114 est)
1206 3057 1303 3121 posse
1317 3056 1392 3100 eon-

298 3144 396 3226 tcudi,
421 3166 492 3231 per
518 3145 741 3231 llidymunr
766 3143 887 3208 nobis
910 3142 1070 3207 tradita
1092 3166 1205 3226 esse,
1226 3165 1328 3229 quae
1351 3145 1392 3207 in

296 3254 480 3320 scholiis
505 3254 667 3318 nostris
692 3254 1035 3340 Aristophaucac
1060 3253 1322 3341 disciplinae
1354 3254 1392 3319 in

296 3377 388 3429 arte
406 3364 576 3450 poetica
594 3362 853 3428 aestimanda
877 3362 1040 3449 positae
1058 3385 1159 3449 prae
1183 3386 1225 3426 se
1250 3364 1392 3427 forant

298 3473 493 3537 colorem.

397 3581 470 3661 Qua
504 3581 629 3647 ratione
658 3580 823 3664 Didymus
848 3580 950 3668 copiis
982 3580 1211 3668 Aristophanis
1243 3605 1320 3646 usus
1342 3582 1393 3661 sit,

297 3702 404 3762 utrum
439 3691 655 3778 explicaverit
684 3700 808 3753 tantum
842 3691 911 3753 cius
935 3701 1029 3754 notas
1052 3690 1210 3775 signaque
1235 3692 1288 3754 vel
1317 3714 1394 3778 pro-

298 3800 423 3865 baverit
444 3800 562 3876 additis
592 3799 707 3880 causis,
743 3821 824 3882 quae
854 3799 997 3864 breviter
1025 3799 1076 3862 hie
1107 3811 1139 3861 et
1170 3800 1299 3863 concise
1327 3821 1391 3863 mo·

299 3910 379 3992 nuit,
410 3933 449 3973 an
483 3910 523 3972 dc
555 3931 612 3972 suo
643 3907 719 3992 quid
748 3907 906 3971 adiecerit
932 3908 984 3972 vel
1007 3907 1150 3991 deniquo
1180 3929 1315 3994 prorsus
1335 3932 1394 3972 no-

297 4043 354 4083 vas
378 4020 543 4106 ingressus
571 4017 610 4082 sit
638 4017 715 4098 vias,
745 4027 835 4080 certo
868 4015 966 4080 hodie
996 4017 1064 4080 crui
1088 4017 1212 4103 nequit,
1234 4017 1293 4082 scd
1318 4041 1394 4105 pro-

296 4127 396 4193 babili
433 4138 556 4191 tantum
587 4125 774 4190 coniectura
806 4126 891 4213 poni.
949 4148 990 4190 cx
1026 4135 1093 4189 tota
1128 4125 1264 4211 Didymi
1298 4149 1393 4211 qnam

297 4237 428 4301 aliunde
452 4235 616 4320 cognitam
640 4235 797 4300 habemus
829 4234 1071 4299 commentandi
1099 4234 1224 4299 ratione
1253 4234 1393 4319 ingenti-

298 4368 360 4430 que
393 4345 550 4419 librorum
589 4367 669 4430 quos
707 4344 886 4432 composuit
926 4341 1135 4408 multitudine
1171 4344 1269 4430 longe
1306 4343 1393 4408 veri-
