3000 5176
648 315 688 387 tl

123 500 333 589 problematis
363 498 585 586 Porphyrium
619 523 710 565 usum
740 520 829 580 esse,
862 500 976 584 negari
1004 522 1069 564 non
1101 508 1219 587 potest,

124 633 162 675 ea
185 620 261 692 tota,
286 609 373 694 quod
396 609 527 693 quidem
549 608 588 672 ad
611 620 715 674 artem
741 609 904 696 poeticam
926 609 1052 692 attinet,
1074 608 1218 697 pendere

71 798 79 813 ‚
123 742 165 784 ex
186 717 378 785 Aristotelis
408 717 595 805 philosophi
623 717 782 782 doctrina.
828 718 860 781 id
891 718 988 783 certis
1024 717 1218 802 quibusdam

123 827 282 915 exemplis
304 826 539 892 demonstravit
564 825 831 891 Waehsmuthius
857 828 878 890 l.
894 826 915 891 l.
929 849 962 912 p.
974 827 1017 892 30
1031 848 1116 911 sqq.,
1139 849 1217 912 quo-

124 959 195 1000 rum
219 959 321 1000 unum
342 936 523 1000 alterumve
545 935 628 999 infre
652 935 854 999 afferendum
880 936 989 1000 erite.
1034 934 1217 1020 quodcum
1272 976 1275 981 -

123 1045 167 1109 ita
190 1046 230 1112 sit
255 1068 322 1110 non
345 1044 461 1109 mirum
483 1054 542 1126 est,
567 1044 592 1108 si
621 1043 675 1107 vel
702 1045 787 1108 inter
816 1045 996 1110 simillimas
1021 1045 1217 1112 scholiorum

122 1154 323 1240 tragicorum
364 1164 396 1219 ct
432 1152 682 1220 Homericosum
720 1163 812 1218 notas
852 1153 978 1240 aliquid
1021 1153 1218 1220 discriminis

122 1265 158 1353 in
186 1263 339 1329 universa
375 1262 562 1350 explicandi
596 1262 855 1346 observandique
880 1263 1005 1328 ratione
1032 1262 1217 1329 intercedit.

121 1374 165 1438 ibi
186 1372 435 1459 grammaticum
459 1373 627 1454 habemus,
657 1372 711 1457 qui
735 1372 924 1438 Aristotelis
947 1383 1123 1461 praecepta
1152 1372 1218 1438 suis

123 1481 405 1547 observationibus
434 1481 552 1569 probat
580 1479 824 1567 diligenterque
855 1490 961 1558 notat,
991 1483 1046 1547 nbi
1078 1506 1149 1548 cum
1178 1483 1217 1548 iis

122 1589 309 1655 consentire
334 1590 388 1654 vel
409 1590 449 1653 ab
470 1588 509 1653 iis
532 1587 695 1653 decedere
719 1588 891 1654 videantur
912 1600 1039 1678 poetae,
1072 1591 1125 1655 hic
1147 1590 1218 1677 phi-

122 1699 305 1788 losophum,
338 1699 392 1784 qui
421 1720 486 1763 non
517 1698 593 1763 satis
621 1699 720 1763 habet
743 1700 947 1765 examinasse
972 1700 1041 1789 ipsa
1063 1702 1217 1784 carmina,

123 1830 201 1872 num
224 1817 448 1892 congruerent
472 1830 546 1871 cum
564 1807 711 1892 magistri
728 1809 921 1896 praeceptis,
943 1809 1001 1874 sed
1025 1809 1079 1895 qui
1102 1809 1216 1876 eodem

123 1917 304 1983 Aristotele
328 1916 411 1982 duce
435 1940 547 1982 causas
572 1916 669 1980 simul
693 1937 809 1981 cruere
830 1917 939 1982 studet
961 1919 1025 1985 alto
1047 1920 1217 1985 inhaeren-

123 2036 172 2091 tes
189 2034 325 2092 naturae
348 2027 519 2108 humanae,
542 2047 623 2110 quae
641 2018 905 2113 omnis'poeseos
920 2028 985 2092 vim
1002 2030 1218 2116 voluptatem-

124 2156 186 2221 que
212 2135 364 2202 efficiant.
386 2137 448 2201 hoc
463 2135 638 2200 discrimen
652 2134 772 2200 clarius
787 2134 1001 2221 intellegetur
1015 2137 1214 2224 perlustrato

124 2243 245 2310 maiore
265 2245 464 2310 scholiorum
487 2244 790 2331 Porphyrianorum
815 2267 961 2311 numero.

221 2353 289 2418 Iam
313 2355 339 2419 si
362 2354 532 2443 pergimus
554 2354 587 2418 in
611 2355 823 2419 recensendis
845 2355 1032 2421 notionibus
1053 2379 1072 2418 a
1090 2365 1218 2440 tragoe-

124 2462 176 2527 dia
207 2463 240 2527 in
273 2464 449 2530 Homerica
485 2465 628 2529 carmina
665 2464 828 2529 translatis
865 2464 961 2530 edam
987 2464 1021 2528 in
1046 2463 1217 2549 Odysseae

124 2571 257 2637 scholiis
280 2573 371 2660 epioe
391 2574 534 2659 carmina
559 2560 733 2659 τραγῳδὶαι
749 2583 909 2639 vocantur
920 2573 1021 2638 veluti
1036 2573 1138 2639 schol.
1150 2574 1217 2657 HQ

122 2681 222 2748 3499
253 2673 321 2746 ἀπὸ
352 2684 441 2746 θεοῦ
466 2676 526 2766 τήν
555 2672 655 2767 ἀρχὴν
676 2685 734 2768 τῆς
755 2682 987 2768 τραγῳδίας
1008 2677 1217 2765 ποιούμενος,

124 2789 182 2855 cfr.
206 2789 250 2853 ib.
269 2788 341 2854 542.
386 2788 562 2852 cohaerere
586 2786 742 2853 videntur
768 2811 841 2853 cnm
867 2789 927 2854 hac
948 2787 1139 2873 tragoediae
1163 2809 1219 2853 no·

126 2995 150 3036 at
170 2984 274 3036 solutas
293 2985 379 3049 [uisse
399 2986 502 3051 opinor,
532 3001 548 3034 a
567 2983 775 3051 Porphyriones
794 2995 866 3034 rcrtc
892 3001 944 3050 quo
963 2999 1031 3032 rinno
1049 2953 1221 3032 involvuntur

121 3080 314 3148 disputationis
340 3081 452 3149 prolixa
483 3080 663 3146 amplitudine
694 3081 771 3147 loripe
800 3079 928 3130 diversas.
965 3077 1063 3128 contra
1092 3090 1161 3143 quos
1186 3073 1219 3126 R.

122 3173 413 3228 Wachsmuthius
431 3172 552 3244 genuina
572 3190 604 3227 ea
623 3190 683 3227 csse
702 3172 896 3227 demonstrare
916 3177 1032 3226 conatus
1052 3171 1142 3250 est-in
1161 3169 1219 3223 dis-

122 3272 275 3325 sertatione
297 3275 328 3324 da
348 3274 506 3325 Aristotelis
526 3273 623 3324 stradiis
645 3275 794 3324 nomenati·
820 3269 1029 3336 Berolini1863
1048 3268 1218 3336 conscripta.

222 3369 257 3420 74
273 3366 352 3420 Iusto
364 3366 454 3436 magis
472 3367 603 3437 neglecta
622 3383 682 3420 esse
699 3365 1017 3434 ridentnrproblemate
1028 3363 1219 3432 Porphyriana

122 3464 151 3516 in
175 3463 349 3532 explicandis
374 3463 454 3516 Artis
473 3462 603 3518 Poeticae
622 3462 813 3516 Aristoteleae
837 3461 905 3515 locis
930 3459 1147 3523 difficilioribus,
1172 3458 1221 3526 qui

121 3559 197 3614 haud
215 3577 278 3614 raro
298 3560 434 3630 singulari
451 3560 533 3615 modo
551 3560 585 3614 iis
604 3561 792 3614 illustrantur.
811 3562 970 3613 accuratam
989 3558 1135 3611 notionum
1154 3555 1217 3612 Ari-

122 3659 302 3712 stotelearum
319 3657 501 3726 aPorphyrio
512 3657 701 3711 adhibiturum
711 3657 959 3726 investigationem
970 3655 1014 3708 vel
1025 3651 1217 3722 intellegendo

122 3754 164 3808 illi
182 3754 343 3808 Aristotelis
362 3755 442 3824 operi
460 3772 517 3809 non
538 3755 598 3808 sine
616 3753 708 3809 fructu
734 3753 794 3808 fore
813 3759 891 3823 puto.
931 3752 979 3816 sic,
1003 3755 1035 3804 ut
1061 3749 1219 3818 exemplum

122 3851 321 3922 afferam(nam
341 3855 431 3906 totam
450 3852 520 3906 hanc
539 3853 728 3920 quaestionem
747 3851 899 3922 profligare
916 3865 973 3903 nou
991 3847 1073 3901 huius
1091 3851 1134 3901 est
1151 3845 1218 3915 loci)

122 3967 156 4003 ex
175 3950 286 4004 scholiis
297 3950 380 4004 modo
392 3950 524 4004 exhibitis
536 3951 685 4005 verborum
703 3949 739 4004 ἵν’
758 3951 789 4004 ἐκ
807 3951 853 4002 τοῦ
871 3943 979 4005 πάθους
994 3935 1218 4014 ἀποκαθαριεῦσῃ

120 4043 151 4100 τὸ
171 4047 276 4100 τοιοῦτο
293 4041 394 4118 μόριον
411 4048 457 4115 τῆς
474 4049 572 4119 ψυχῆς,
603 4064 673 4116 quae
700 4049 798 4116 aperte
826 4043 1037 4099 celeberrimam
1059 4038 1219 4094 Aristotelis

120 4137 258 4212 κάθαρσιν
286 4144 341 4198 τῶν
366 4139 542 4216 παθημάτων
569 4143 740 4214 respiciunt,
768 4140 978 4197 memorabilem
1005 4136 1220 4207 explicationem

119 4239 238 4308 praebet
259 4245 416 4294 extremum
433 4241 557 4296 scholion
577 4239 613 4301 ὠς
633 4233 742 4311 ἄριστος
760 4236 858 4310 ἰατρὸς,
872 4239 982 4309 πρῶτον
994 4230 1166 4289 ἀναστέλλων
1184 4228 1216 4284 τὰ

121 4332 261 4409 νοσήματα
281 4338 326 4404 τῆς
348 4339 439 4408 ψυχῆς
459 4333 574 4412 ὕστερον,
588 4335 637 4406 τὴν
655 4343 729 4392 ἴασιν
749 4331 858 4408 ἐπάγει.
