3000 5176
580 1121 896 1203 procreentur

739 1439 761 1506 1

295 1629 348 1694 De
369 1637 438 1692 arte
461 1637 629 1714 poctarum
656 1628 855 1712 tragicorum
880 1628 1084 1695 Graecorum
1119 1629 1197 1715 quid
1221 1651 1291 1695 sen·

197 1738 298 1802 serint
320 1737 560 1821 iudicarintque
576 1746 704 1800 veteres
727 1737 943 1820 grammatici,
968 1737 1008 1802 de
1030 1738 1182 1804 universa
1204 1718 1289 1805 scili·

196 1856 249 1910 cet
265 1846 451 1911 fabularum
468 1868 551 1930 quae
574 1845 693 1909 dicitur
712 1847 911 1930 oeconomia,
928 1846 968 1911 de
983 1847 1186 1931 singularum
1204 1871 1291 1913 scae·

196 1981 309 2022 uarum
336 1956 569 2045 compositione
589 1978 767 2041 earumque
785 1957 871 2022 inter
894 1980 928 2022 se
952 1980 1051 2039 nexu,
1076 1957 1117 2022 de
1139 1981 1291 2046 persona-

195 2090 268 2131 rum
290 2066 402 2130 indole
426 2065 646 2150 moribusque,
679 2064 720 2130 dc
747 2076 861 2131 natura
889 2077 921 2131 et
950 2067 1098 2152 veritate,
1129 2089 1225 2153 quam
1257 2069 1291 2132 in

196 2174 415 2263 depingendis
433 2175 598 2239 hominum
617 2175 760 2239 moribus
776 2174 981 2240 imitarentur
998 2177 1290 2261 exprimerentque

197 2298 323 2374 poetae,
361 2286 402 2350 dc
435 2286 630 2374 praestantia
662 2285 804 2372 denique
836 2287 1018 2350 dramatum
1053 2308 1231 2372 eorumque
1260 2287 1291 2349 in

198 2406 399 2482 spectatores
422 2396 453 2459 'ri
480 2408 511 2459 et
534 2396 663 2479 effectu,
692 2395 733 2461 de
759 2395 807 2461 his
830 2397 927 2461 rebus
951 2395 1027 2480 quid
1057 2395 1295 2483 disputaverint

197 2515 326 2569 veteres
342 2505 582 2586 tragoediarum
594 2506 802 2592 interpretes,
818 2505 904 2569 unde
917 2526 1122 2589 cognoscere
1138 2527 1293 2589 queamus

198 2614 383 2700 paucissimi
419 2623 532 2678 extant
564 2613 672 2677 fontes
701 2613 799 2698 iique,
835 2623 871 2677 ut
895 2613 1050 2699 reliquias
1081 2613 1293 2700 perlustranti

196 2724 304 2809 primo
335 2722 440 2786 videri
476 2733 583 2810 potest
615 2731 769 2809 aspectu,
809 2732 858 2786 sat
895 2722 1002 2787 exiles
1044 2731 1140 2806 atque
1172 2721 1295 2805 exigui,

197 2831 321 2896 scholia
342 2832 416 2896 dico
439 2843 471 2896 et
493 2841 687 2916 argumenta
709 2818 901 2897 fabularum.
941 2831 1142 2896 scholiorum
1166 2831 1200 2893 in
1223 2853 1294 2894 cor-

198 2963 288 3028 pore,
313 2952 349 3005 ut
371 2941 468 3007 hodic
485 2953 583 3024 extat,
606 2942 889 3008 observationibus
906 2941 1029 3006 criticis
1044 2941 1196 3027 mythicis
1213 2964 1293 3025 geo-

198 3051 364 3138 graphicis
387 3052 440 3115 hic
466 3052 534 3116 illie
560 3051 705 3116 admixta
733 3051 944 3116 inveniuntur
974 3050 1103 3134 iudicia,
1139 3072 1221 3135 quae
1255 3050 1296 3115 ad

198 3169 299 3224 artem
323 3170 473 3246 spectant
496 3184 513 3223 a
538 3162 640 3247 poetis
662 3159 796 3244 tragicis
819 3159 1007 3241 adhibitam,
1033 3182 1091 3246 pro
1114 3171 1295 3225 ceterarum

198 3269 461 3333 observationum
487 3290 623 3333 numero
649 3270 823 3334 admodum
847 3293 930 3335 rara.
955 3269 1043 3333 varia
1070 3270 1186 3333 horum
1212 3269 1294 3333 iudi·

200 3376 324 3442 ciorum
346 3379 428 3442 ratio
453 3388 501 3442 cst
522 3378 554 3442 in
577 3379 675 3442 variis
699 3379 804 3464 poetis
819 3389 851 3443 ct
866 3378 1009 3443 scholiis.
1035 3379 1136 3463 longe
1155 3379 1295 3465 plurima

176 3551 179 3559 ,
200 3496 312 3550 extant
335 3487 368 3551 in
393 3485 557 3550 veteribus
580 3485 710 3550 scholiis
734 3486 940 3571 Sophocleis,
964 3487 1067 3551 multo
1089 3488 1241 3572 pauciora
1263 3487 1297 3550 in

199 3603 289 3659 vasta
304 3595 502 3659 scholiorum
517 3593 769 3682 Euripidcorum
792 3593 947 3678 colluvie,
966 3595 1158 3681 paucissima
1176 3596 1209 3660 in
1228 3595 1296 3660 exi-

198 3705 272 3788 guis
295 3704 426 3769 scholiis
450 3703 661 3788 Aeschyleis,
683 3705 772 3769 nulla
794 3706 864 3769 fere
888 3707 922 3768 in
946 3704 1140 3790 Byzantinis
1163 3704 1296 3769 scholiis

199 3823 262 3876 tam
279 3814 438 3899 Aeschyli
454 3837 550 3899 quam
566 3813 740 3900 Sophoclis
753 3818 773 3878 ¹.
799 3815 903 3879 nihilo
926 3815 1043 3879 melius
1068 3835 1120 3879 res
1143 3835 1177 3877 se
1199 3814 1297 3879 habet

299 4036 312 4085 1
339 4031 450 4086 Scholia
475 4033 503 4085 in
523 4033 740 4102 Aristophanem
763 4033 854 4086 nullas
872 4033 1010 4102 praebent
1030 4030 1238 4085 observationes
1258 4031 1294 4083 dc

198 4132 258 4183 arte
276 4129 515 4197 incompositione
528 4131 652 4199 ipsarum
663 4131 869 4184 comoediarum
882 4130 1039 4198 conspicua,
1060 4126 1194 4181 nonnulla
1202 4130 1306 4210 tamen·

197 4227 226 4278 in
244 4226 278 4278 iis
298 4226 364 4279 data
383 4226 528 4280 occasione
547 4226 690 4294 disputata
718 4230 783 4280 sunt
799 4226 834 4280 de
854 4225 997 4294 Euripidis
1017 4223 1200 4291 Aeschylique
1227 4230 1296 4290 arte,

200 4339 270 4390 quae
290 4340 340 4376 suo
360 4322 421 4376 loeo
444 4322 566 4378 afferam.

627 4457 897 4564 330161.
