3000 5176
637 324 677 392 69

114 515 370 580 Aristarchi
390 519 484 580 nimis
498 515 640 579 sobriam
656 539 825 580 ocustarum
842 520 1053 603 oustiqautera
1074 506 1208 582 suborto·

110 629 190 705 ruri,
226 630 283 715 qui
311 626 386 688 licet
412 623 620 688 Homericum
648 625 804 712 loquendi
830 649 921 688 usum
950 629 1069 711 optime
1091 641 1208 711 nosset,

112 746 215 799 tamea
236 758 337 823 raeque
359 737 394 796 iu
408 733 506 796 rebus
522 733 670 818 mqtlra'ais
692 747 721 796 et
735 734 966 821 qeoqraphu'or's
983 759 1210 825 usquequaque

110 845 189 906 satis
212 855 428 906 reversatum
450 841 630 927 praeheret,
665 842 752 929 quod
781 845 878 906 etiam
907 841 947 909 Ε.
969 843 1146 932 R.Luuqiu'
1168 847 1206 909 de

111 952 307 1017 Aristarcho
324 951 400 1039 fuit
424 952 591 1035 iudicium,
625 975 726 1039 aeque
754 953 799 1034 id,
835 954 921 1041 quod
946 957 1122 1018 maximum
1148 971 1203 1040 est,

107 1078 278 1149 poetarum
310 1065 486 1150 eteqautem
519 1077 547 1127 ct
572 1065 813 1147 utraquaur'muut
843 1065 1107 1127 existimatorem.
1156 1066 1206 1128 his

109 1173 191 1237 nihil
213 1175 316 1238 habeo
339 1173 427 1257 quod
454 1172 581 1236 addam.
606 1171 850 1236 meminerimus
871 1181 994 1235 tantum
1016 1173 1125 1255 velim,
1148 1174 1205 1238 has

111 1283 501 1368 quoqueobservationes
522 1281 684 1345 communi
700 1281 845 1345 eiusdem
864 1279 1057 1368 disciplinae
1073 1282 1205 1346 vinculo

112 1389 273 1456 cumillis
298 1389 529 1477 Aristophanis
552 1390 739 1454 coniunctas
760 1411 841 1470 csse,
874 1390 989 1473 quibus
1022 1389 1206 1455 dissensum

110 1509 238 1563 notaret
259 1500 343 1562 inter
367 1499 526 1564 variarum
551 1500 733 1564 fabularum
755 1498 980 1563 oeconomiam
1004 1499 1206 1564 interceden-

110 1619 185 1672 tem.
232 1629 341 1691 quare,
366 1607 513 1693 quamvis
542 1608 591 1671 his
620 1609 699 1672 locis
730 1608 882 1673 Electrae
914 1609 1007 1692 signa
1040 1609 1204 1673 defuerint

110 1716 352 1803 Aristophanis,
376 1726 486 1781 tamen
509 1717 678 1800 ingenium
703 1717 771 1779 cius
795 1738 861 1781 non
884 1715 1116 1781 desideramus.

211 1826 282 1890 Iam
304 1827 329 1889 si
353 1826 490 1910 Didymi
509 1849 641 1913 operam
665 1826 698 1890 in
721 1825 928 1912 explananda
950 1836 1119 1913 poetarum
1142 1837 1205 1890 tra·

110 1935 257 2022 gicornm
278 1943 346 1998 arte
364 1935 567 2016 collocatam,
590 1934 699 2000 accitis
711 1935 749 1998 iis
767 1957 898 2020 quoque
915 1935 1206 2020 observationibus,

114 2065 251 2130 quarum
267 2044 409 2109 auctoris
422 2043 553 2108 nomine
567 2043 746 2107 carentium
759 2043 937 2130 specimina
958 2044 993 2107 in
1016 2044 1100 2108 hano
1123 2066 1207 2107 com-

111 2152 343 2218 mentationem
366 2175 433 2218 non
453 2152 650 2240 recepimus,
673 2174 736 2217 uno
753 2152 920 2216 oculorum
939 2154 1053 2217 obtutu
1076 2174 1207 2240 pereur-

113 2262 224 2346 rimus,
256 2271 305 2325 sat
333 2262 473 2348 amplam
504 2262 661 2325 habemns
685 2261 768 2325 hanc
791 2262 860 2325 fere
882 2260 1079 2345 imaginem:
1113 2261 1206 2326 ducis

112 2380 144 2434 et
165 2371 313 2457 magistri
325 2371 557 2458 Aristophanis
572 2369 710 2454 vestigia
734 2391 886 2457 premens
904 2368 1070 2454 Didymus
1094 2392 1205 2434 omnes

110 2481 181 2544 fere
206 2479 447 2544 commentariis
471 2479 538 2543 suis
562 2478 753 2564 complexus
768 2488 816 2541 est
832 2478 1048 2563 quaestiones,
1069 2479 1109 2542 ad
1127 2501 1205 2563 quas

110 2588 294 2653 tractandas
316 2599 466 2653 accurata
487 2588 564 2652 artis
586 2589 729 2672 tragicae
750 2587 961 2674 investigatio
978 2611 1088 2652 ansam
1103 2589 1202 2653 dedit.

112 2697 152 2763 de
172 2696 316 2762 externis
339 2696 491 2762 subsidiis
514 2697 642 2762 fabulae
663 2695 781 2760 actioni
809 2698 1002 2762 necessariis
1025 2721 1205 2785 eorumque

111 2830 182 2890 usu,
206 2806 247 2871 de
263 2806 392 2892 prologi
412 2805 699 2892 narrationumque
713 2804 900 2869 nuntiorum
913 2817 1039 2890 natura,
1057 2808 1097 2872 de
1119 2832 1205 2874 scae-

109 2939 224 2980 narum
247 2915 448 2998 oeconomia,
471 2912 511 2978 de
534 2913 626 2978 chori
648 2914 797 3001 personis
820 2936 996 2999 earumque
1019 2915 1141 2999 indole,
1165 2917 1206 2983 dc

109 3047 323 3114 personarum
337 3023 488 3088 dramatis
500 3024 643 3088 moribus
659 3022 868 3108 ingeniisque
883 3046 1059 3112 earumque
1069 3026 1104 3090 in
1119 3049 1205 3092 seae-

109 3158 183 3199 nam
207 3134 341 3200 introitu
366 3134 418 3198 vel
442 3134 646 3213 decessione,
669 3133 710 3196 de
733 3154 922 3196 scaenarum
943 3133 1146 3220 singularum
1168 3136 1203 3199 in

108 3245 272 3309 auditores
291 3230 333 3307 'vi
365 3253 396 3306 et
424 3243 556 3324 effectu,
589 3243 629 3306 do
661 3266 822 3308 consensu
856 3243 997 3332 denique
1020 3244 1205 3309 fabularum

109 3355 162 3418 vel
187 3354 332 3418 dissensu
357 3375 430 3416 cum
453 3356 597 3418 omnium
622 3353 866 3436 tragoediarum
889 3355 979 3419 fonte
1004 3354 1206 3419 Homero-

109 3463 149 3528 de
173 3463 223 3527 his
246 3462 396 3528 omnihus
418 3462 576 3547 quaesivit
600 3473 632 3526 et
646 3462 822 3550 disputavit
833 3462 1010 3550 Didymus.
1037 3461 1069 3527 et
1082 3462 1206 3550 ubique

109 3595 259 3638 severum
281 3573 466 3658 iustumque
482 3571 630 3637 videmus
647 3571 802 3653 iudicem,
828 3574 894 3657 qui,
918 3573 1136 3660 quodfalsum
1149 3575 1204 3639 vel

103 3683 260 3755 ,vitiosum
274 3683 401 3764 habeat,
425 3691 516 3747 notet
540 3692 571 3745 et
594 3681 768 3768 vituperet,
790 3681 876 3769 quod
889 3682 1058 3769 praeclare
1080 3682 1203 3747 dictum

109 3804 141 3858 et
164 3794 344 3875 inventum,
367 3793 476 3857 laudet
501 3803 532 3856 et
557 3791 725 3879 praedicet
748 3793 897 3856 refutatis
922 3791 1129 3879 repulsisque
1154 3792 1205 3876 iis,

109 3899 164 3986 qni
185 3898 415 3985 intempestive
442 3898 586 3963 cavillari
614 3898 804 3964 viderentur
827 3909 951 3986 poetas.
