3000 5176
810 313 850 378 36

379 501 417 565 41
442 501 529 586 χολῷ
543 498 737 583 βαρονθείςε
762 491 779 561 ὁ
803 497 862 581 μὲν
882 490 1054 575 Ὀδοσσεῦς
1067 493 1268 565 πυνθάνεται
1290 498 1378 586 πρὸς

277 613 310 676 τί
329 604 418 697 αὐτῷ
439 607 608 698 χρήσιμον·
644 606 663 695 ἡ
688 607 724 674 δὲ
746 604 804 695 τὴν
826 605 932 674 αίτίαν
955 603 1125 694 ἐπήγαγεν,
1149 605 1205 697 ὑφ’
1229 595 1268 696 ἧς
1289 635 1377 698 κινη-

277 722 353 799 θείς
373 718 420 799 είς
441 716 539 802 χόλον
554 710 653 806 ἢχθη.
675 721 777 782 τοῦτο
789 712 847 802 γάρ
861 717 929 782 ἐστι
951 714 996 783 τὸ
1020 718 1171 783 λεῖπον
1191 722 1260 805 τῆς
1283 717 1375 784 ῦπο-

276 829 454 907 θέσεως.
501 824 593 914 ἡμεῖς
624 827 660 893 δὲ
680 822 727 905 aig
749 822 1119 909 προεπισταμενοι
1141 827 1181 891 τὰ
1202 823 1376 914 πράγματα

277 932 482 1023 οἷμβλύτερον
504 940 729 1020 κατανοοῦμεν
741 941 777 1000 ⁴².

377 1047 418 1113 62
446 1044 527 1126 τοῦς
556 1048 694 1129 ζῶνταςε
726 1040 802 1123 τοῦς
836 1046 957 1127 ζιῦντας
979 1048 1045 1130 τιῦν
1077 1048 1166 1127 βοιῦν
1197 1039 1300 1131 δήσας
1332 1040 1377 1123 είς

277 1151 503 1240 αἰχμαίιιίτονς
523 1145 644 1239 ῦίνῦρας
662 1145 735 1240 ῦίγει
755 1150 862 1218 καὶτὰ
882 1152 984 1218 λοιπαὶ
1006 1153 1152 1237 ποίμνια·
1175 1153 1321 1219 πιθανὸν
1341 1154 1377 1218 δὲ

276 1267 448 1330 καὶτοῦτο
473 1267 709 1350 προειρῆσθαι,
737 1264 800 1347 ἵνα,
831 1258 911 1328 ὅταν
940 1257 1019 1350 εἴπῃ
1048 1259 1067 1350 ἡ
1096 1263 1268 1348 Τέκμησσα
1299 1262 1376 1346 περί

277 1378 341 1441 τοῦ
362 1377 465 1460 κριοῦ,
500 1367 874 1457 προεπιστώμεθα
904 1373 980 1456 <Ba
1015 1368 1295 1457 προεπιστάμεθα
1329 1373 1392 1454 L>

277 1486 384 1551 τοῦτο.
992 1488 994 1493 ’

378 1589 495 1676 Neque
518 1591 552 1654 in
574 1589 902 1675 argumentis-omnis
933 1588 1091 1653 eiusmodi
1112 1589 1376 1655 observationum

278 1698 436 1763 memoria
459 1698 601 1763 evanuit.
625 1720 698 1761 nam
722 1698 755 1762 in
777 1697 970 1762 recentioris
994 1697 1199 1781 grammatici
1223 1722 1292 1783 arg.
1318 1698 1375 1767 Or.

278 1807 331 1871 III
352 1830 383 1894 p.
402 1807 464 1891 7,8
486 1806 644 1892 leguntur
674 1802 758 1883 ἔθος
786 1809 858 1883 τοῖς
886 1810 1051 1890 τραγικοῖς
1080 1802 1118 1870 τι)
1149 1805 1183 1871 ἐν
1208 1805 1375 1894 προοιμίῳ

279 1910 324 1993 ιῦς
350 1914 384 1980 ἐν
411 1907 510 2002 ὀλίγῳ
534 1915 747 2000 παραδηλοῦν
778 1917 840 1979 τοῦ
872 1910 950 1980 ὅλοι·
973 1910 1137 1998 δράματος
1158 1911 1219 2002 τήν
1241 1912 1375 1982 ἔννοιαν.

279 2019 324 2102 ὡς
345 2033 400 2089 καιΙ
421 2024 568 2089 ἐνταῦθα
589 2028 682 2088 ποιεῖ
704 2019 722 2088 ὁ
745 2015 928 2110 Ειίριπίῦης
948 2024 1001 2089 καί
1020 2027 1199 2107 πανταχοῦ,
1223 2025 1310 2110 quod
1335 2026 1376 2089 de

279 2155 345 2197 uno
367 2132 525 2219 Euripide
555 2131 724 2220 praedicat
751 2131 893 2197 Thomas
920 2134 1079 2218 Magister
1109 2133 1143 2196 in
1166 2133 1232 2197 vita
1255 2134 1333 2199 Eur.
1361 2134 1377 2198 I

279 2263 309 2326 p.
327 2242 366 2306 12
387 2236 494 2306 πολλὰ
519 2237 577 2325 γὰρ
600 2238 647 2318 είς
666 2236 726 2326 τήν
748 2240 860 2326 τέχνην
883 2240 1024 2325 ἐξεῦρεν,
1047 2233 1069 2306 ἃ
1092 2235 1319 2308 οῦῦειστισοῦν
1339 2264 1376 2326 γε

279 2352 345 2413 τῶν
367 2345 434 2431 πρὸ
460 2342 576 2415 αῦτοῦ·
598 2346 636 2415 τό
663 2375 697 2416 τε
718 2347 777 2436 γὰρ
798 2351 832 2416 ἐν
847 2342 931 2440 α’ρχῇ
945 2353 1008 2414 τοῦ
1023 2346 1187 2434 δράματος
1206 2351 1263 2438 τὴν
1288 2346 1375 2416 ὑπό-

283 2463 381 2523 θεσιν
401 2459 580 2523 διατοποῦν
606 2458 660 2523 καί
688 2458 745 2523 τὸν
767 2450 933 2544 οἷκροατὴν
955 2455 1070 2542 ὥσπερ
1097 2464 1306 2545 χειραγωγεῖν
1328 2455 1376 2536 είς

278 2565 316 2630 τι)
339 2563 535 2650 ἔμπροσθεν
556 2559 741 2651 Ειίριπίῦοο
761 2566 910 2652 τέχνημα.
947 2578 1093 2632 ceterum
1116 2567 1373 2650 meminerimus,

280 2675 536 2760 Aristophanem
558 2675 592 2739 in
617 2675 869 2740 Andromachae
894 2686 1088 2758 argumento
1112 2676 1208 2741 etiam
1232 2676 1273 2740 de
1296 2698 1375 2764 pro·
1427 2732 1431 2739 s

279 2784 355 2866 logo
379 2783 500 2847 dixisse
523 2778 721 2868 ὁπρόλογος
743 2787 859 2872 σαφοῦς
880 2784 934 2848 καὶ
956 2775 1098 2869 εὐλόγως
1119 2782 1297 2871 εἰρημένος,
1318 2785 1375 2850 ubi

279 2895 396 2978 σαφοῦς
416 2901 480 2956 tam
505 2891 546 2956 de
562 2892 796 2980 perspicuitate
817 2891 968 2959 dictionis
991 2917 1087 2980 quarn
1113 2914 1222 2957 rerum
1246 2895 1375 2982 exposi-

280 3002 377 3066 tionis
399 3001 550 3085 intellegi
573 3011 689 3089 potest.
736 3001 776 3064 dc
798 3002 938 3087 prologo
963 3003 1043 3066 haec
1066 3002 1234 3068 hactenus.

379 3111 482 3176 Aliud
502 3133 607 3196 genus
620 3111 882 3176 observationum
896 3111 1213 3198 Aristophanearum
1236 3111 1278 3175 ad
1299 3110 1376 3177 exi·

281 3229 360 3283 tum
386 3220 608 3284 fabularum
633 3229 767 3306 spectat.
800 3219 938 3284 vidimus
961 3220 1002 3284 de
1028 3220 1198 3284 Alcestide
1229 3221 1375 3286 iudicare

284 3328 536 3414 Aristophanem
552 3329 584 3393 in
597 3349 665 3412 arg.
679 3329 729 3394 IX
742 3328 770 3391 F
783 3323 859 3393 τὸδὲ
870 3329 979 3413 δρᾶμα
988 3329 1219 3413 κωμικωτέραν
1233 3325 1299 3411 ἔχει
1317 3325 1376 3417 τὴν

279 3432 518 3524 καταστροφήν.
557 3437 644 3522 quod
668 3437 824 3502 iudicium
843 3437 1013 3502 dilatatum
1037 3448 1068 3502 ct
1092 3437 1164 3503 aliis
1186 3439 1297 3504 verbis
1321 3461 1376 3504 ex·

280 3566 427 3630 pressum
451 3546 616 3610 recentior
640 3545 771 3631 quidam
793 3546 1024 3630 grammaticus
1046 3547 1168 3633 repetit
1184 3547 1234 3613 IV
1250 3572 1279 3634 p.
1294 3547 1376 3629 87,ss

361 3833 395 3883 42
414 3831 493 3897 Quod
512 3831 662 3902 scholiasta
681 3831 750 3884 dicit
769 3829 919 3883 obscurum
938 3832 1034 3890 estet,
1052 3829 1375 3892 uttraditasuntverba‚

279 3926 326 3980 vix
339 3926 566 3996 intellegendum.
581 3928 699 3980 sortasse
710 3928 762 3981 hoc
773 3927 875 3981 voluit:
891 3926 1029 3995 ‘quoniam
1041 3944 1075 3980 ex
1088 3926 1207 3996 prologo
1219 3926 1375 3988 didicimus,

279 4022 392 4076 Aiacem
413 4040 546 4077 vesanum
564 4023 743 4093 proditurum
762 4041 823 4078 esse
840 4024 869 4076 iu
879 4040 1014 4086 scaenam,
1033 4023 1140 4075 minore
1151 4021 1288 4076 afficimur
1299 4024 1375 4075 metu

280 4136 312 4172 ac
332 4124 441 4173 terrore
460 4125 528 4184 tum,
552 4138 615 4174 cum
633 4120 723 4190 ipsum
742 4120 866 4174 videmus
884 4125 978 4173 mente
998 4124 1111 4187 captum
1130 4123 1213 4186 atque
1234 4118 1376 4171 insanien-

279 4220 344 4270 tem.
364 4216 499 4269 terribilis
520 4218 567 4285 qui
585 4221 751 4286 expectatur
772 4222 887 4271 eventus
912 4214 1064 4269 hebetioris
1089 4233 1139 4268 nos
1168 4215 1253 4268 animi
1277 4215 1376 4284 depre-

279 4311 383 4372 hendit,
404 4330 485 4379 quam
505 4312 553 4380 qui
574 4314 728 4380 ignoratur.
1346 4308 1350 4311 ’
