3000 5176
787 1172 852 1240 111

377 1438 502 1520 Quodsi
531 1438 672 1526 denique
698 1439 738 1503 ad
769 1438 915 1503 ultimam
938 1439 1125 1504 accedimus
1150 1438 1371 1525 quaestionem

278 1573 350 1615 eam
373 1548 537 1631 nimirum,
561 1571 638 1613 num
662 1549 742 1613 haec
765 1548 843 1612 artis
867 1548 1016 1636 poeticae
1039 1547 1261 1613 observandae
1289 1548 1372 1612 ratio

276 1659 316 1723 ab
341 1658 564 1745 Aristophane
591 1656 695 1743 primo
719 1656 877 1740 instituta,
899 1677 958 1744 per
979 1655 1161 1740 Didymum
1184 1656 1317 1721 dilatata
1341 1667 1374 1722 et

275 1765 308 1830 in
334 1764 457 1828 scholia
479 1774 589 1828 nostra
610 1772 782 1849 poctarum
805 1764 1008 1849 tragicorum
1028 1763 1128 1845 illata,
1153 1765 1372 1830 arecentiore

276 1872 419 1957 denique
441 1870 654 1956 grammatico
680 1893 753 1936 raro
778 1882 810 1936 ct
823 1873 1017 1960 plerumque
1041 1895 1196 1961 perverse
1217 1874 1372 1958 adhibita,

276 2005 354 2046 num
380 1982 471 2062 haec,
502 1981 586 2062 dice,
615 1980 683 2045 sive
716 1983 755 2046 ab
785 1981 864 2070 ipsis
895 1981 959 2046 illis
989 1982 1109 2047 criticis
1141 1983 1208 2046 sive
1238 1982 1278 2047 ab
1301 1983 1372 2047 aliis

278 2091 424 2155 exercita
447 2091 488 2156 sit
511 2089 543 2154 in
567 2091 704 2154 aliorum
733 2101 904 2176 poctarum
931 2091 1129 2155 carminibus
1158 2091 1373 2175 illustrandis,

279 2199 346 2264 cius
364 2199 399 2264 in
410 2200 584 2288 praeclaris
597 2201 730 2266 scholiis
745 2201 994 2283 Pindaricis,
1017 2222 1100 2285 quae
1114 2210 1161 2265 tot
1175 2201 1372 2265 reconditio·

277 2309 321 2371 ris
335 2308 513 2389 doctrinae,
526 2309 711 2395 Didymaeo
726 2309 896 2394 imprimis,
912 2308 1092 2396 specimina
1105 2320 1286 2391 servarunt,
1303 2312 1372 2374 nul-

278 2416 606 2504 lumdeprehendcre
627 2418 714 2504 potui
739 2417 923 2501 vestigium.
949 2417 1035 2503 quod
1058 2417 1092 2482 in
1114 2418 1175 2482 boe
1198 2429 1294 2505 poeta
1318 2420 1373 2483 mi·

276 2526 364 2590 nime
388 2527 515 2591 mirum.
561 2528 637 2591 licet
666 2536 794 2591 veteres
819 2528 1027 2612 interpretes,
1052 2537 1088 2591 ut
1108 2527 1316 2594 Callistratus
1341 2541 1373 2594 et

275 2635 485 2718 Didymusssss,
503 2635 544 2699 ad
566 2644 710 2699 mentem
734 2645 849 2721 poetae
870 2635 1106 2719 consiliumque
1130 2637 1311 2702 eruendum
1329 2649 1373 2702 at-

278 2743 461 2826 tenderent,
484 2755 592 2809 tamen
607 2745 740 2810 Pindari
756 2769 806 2809 ars
831 2768 963 2832 prorsus
977 2745 1072 2809 aliam
1087 2745 1273 2831 explicandi
1288 2747 1373 2812 uiam

276 2853 473 2937 requirebat.
516 2855 631 2917 horum
655 2854 834 2918 carminum
861 2854 1061 2918 admirabilis
1082 2855 1224 2919 varietas
1245 2878 1373 2919 omnem

276 2963 449 3048 respuebat
477 2972 600 3027 certam
627 2963 793 3048 fixatrique
825 2963 1062 3048 interpretandi
1086 2986 1242 3040 normam,
1278 2976 1309 3028 ct
1333 2965 1370 3027 ud

276 3070 468 3157 perplexam
482 3072 598 3136 horum
616 3074 796 3136 carminum
810 3072 1080 3159 compositionem
1095 3082 1262 3157 artemque
1286 3075 1371 3137 clarc

276 3179 538 3266 perspiciendam
565 3179 808 3266 quaestionibus
835 3205 915 3268 opus
940 3192 1008 3245 orat
1027 3181 1372 3267 historicismythicis·

278 3311 351 3373 que,
383 3312 465 3374 quac
494 3291 610 3354 breves
640 3290 712 3353 illas
744 3300 775 3354 ct
804 3293 950 3354 concisas
974 3299 1065 3355 notas
1090 3316 1107 3355 a
1131 3291 1243 3355 limine
1266 3291 1372 3356 statim

276 3407 439 3462 arcerent.

375 3657 410 3708 68
429 3653 484 3707 Cfr.
503 3654 591 3707 schol.
609 3654 687 3707 Nem.
704 3655 745 3707 17
764 3651 886 3708 πιθανὸν
905 3645 955 3707 οὖν
976 3671 1062 3725 φησιν
1082 3651 1096 3706 ὁ
1117 3654 1242 3723 Λίδιιμιις
1261 3658 1305 3705 καὶ
1325 3651 1373 3707 τὸν

276 3751 322 3802 lui
342 3751 387 3816 τῆς
405 3755 532 3820 Χρομίου
548 3753 694 3821 Νεμεακῆς
717 3757 791 3816 νίκης
818 3752 942 3804 ἐπίνικον
966 3750 1044 3803 ἕνεκα
1069 3743 1162 3801 τούτου
1181 3744 1371 3820 συντετάχθαι,

276 3843 344 3916 ὑπὲρ
362 3846 408 3898 τοῦ
425 3848 535 3916 μέλλειν
555 3842 638 3900 αὐτὸν
655 3845 725 3917 ὑπὲρ
743 3849 789 3911 τῆς
809 3839 985 3916 πανηγύρεως
996 3839 1180 3916 dedicabitur.
1200 3845 1370 3899 semeleiae-

276 3949 378 4013 νομίαν
397 3943 453 4012 legi
471 3942 551 4011 Pyth.
564 3942 601 3996 lv
621 3944 703 3997 inser.
722 3939 777 4011 ἥτις
797 3936 842 3997 καί
859 3947 1008 4010 οἰκειοτέρα
1029 3943 1087 3995 ἐστὶ
1107 3939 1175 3994 κατὰ
1198 3939 1230 3994 τὰ
1249 3936 1373 4013 νοήματα

276 4043 321 4092 καὶ
339 4037 405 4092 κατὰ
423 4036 472 4104 τὴν
489 4043 656 4110 οἰκονομίαν.
677 4041 782 4110 Olymp.
793 4042 834 4093 19
853 4033 882 4093 ari
899 4045 945 4093 καὶ
955 4041 985 4092 ἐκ
996 4039 1091 4108 καιροῦ
1110 4039 1148 4090 ib.
1162 4040 1211 4091 105
1223 4039 1372 4110 δαιμονίως

275 4135 380 4203 Pytb.l
398 4134 482 4188 inser.
502 4129 653 4188 elucidante
671 4136 709 4190 ib.
722 4139 772 4190 137
791 4140 965 4206 χαριέστατα,
985 4135 1051 4186 haee
1070 4133 1162 4185 omnia
1180 4133 1224 4186 vel
1237 4133 1372 4201 Didymea

275 4229 320 4284 vel
339 4230 515 4284 Callistratea
538 4231 592 4283 nisi
616 4230 726 4299 singula
749 4231 885 4285 vocabula
915 4230 985 4283 nihil
1004 4245 1150 4283 commune
1177 4229 1280 4282 habent
1307 4247 1370 4281 curn

276 4326 518 4379 observationibus
538 4327 564 4377 in
587 4332 685 4393 poetas
709 4327 829 4395 tragicos
852 4325 885 4378 de
905 4326 946 4377 his
966 4326 1050 4379 rebus
1069 4322 1214 4376 institutis.
