3000 5176
651 309 693 374 45
716 388 720 394 .

225 499 425 581 περιπαθῶς
445 485 524 581 δίναν
544 483 768 573 αἰΦοίνισσαι
791 497 831 583 τῇ
852 493 1025 582 τραγῳδίᾳ.
1067 486 1223 560 άπαίλετο

123 606 185 692 γάρ
214 602 232 672 δ
261 607 426 692 Κρέοντος
454 602 525 683 υἰδς
555 598 623 669 cinci
650 608 713 669 τοῦ
744 605 872 686 τείχους
899 602 981 687 ὑπὲρ
1010 607 1067 692 τῆς
1092 599 1224 682 πόλεως

122 708 315 783 ἀποθανών.
359 708 529 781 άπὲθανον
549 714 585 780 δὲ
606 715 660 780 καί
684 710 714 780 oi
739 710 801 781 δύο
824 708 966 804 οἰδελςοοί
985 710 1041 780 ὑπ’
1063 705 1224 800 α’λληλων,

122 826 177 891 καί
197 817 350 912 Ἰοκάστη,
384 821 403 912 ἡ
424 820 538 912 μήτηρ,
561 822 679 912 ἑαυτήν
701 819 827 891 ἀνεῖλεν
849 824 905 890 ἕπί
927 828 999 902 τοῖς
1021 823 1127 889 παισί.
1169 822 1223 888 καί

123 930 154 1000 οἰ
178 934 236 999 ε’πί
255 929 368 1019 Θήβας
389 929 666 1018 στρατευσάμενοι
688 925 831 1019 >Αρνεῖοι
853 925 1048 998 άπώλοντο·
1072 931 1126 997 καί
1147 922 1221 996 dicor·

123 1066 187 1129 φος
219 1043 420 1131 Πολυνείκης
451 1039 632 1130 πρόκειται.
674 1044 728 1110 καί
755 1040 773 1109 δ
798 1042 958 1123 Οἰδίπους
983 1047 1041 1131 τῆς
1065 1042 1225 1127 πατρίδος

123 1148 319 1235 ἐκβάλλεται,
345 1153 398 1219 καί
417 1148 479 1219 σδν
499 1145 588 1239 αὐτῷ
611 1148 630 1240 ἡ
654 1149 802 1240 θυγάτηρ
825 1145 999 1239 Ἀντιγόνη.
1033 1148 1161 1220 ἔστιδὲ
1184 1148 1223 1215 cd

123 1264 231 1349 δράμα
262 1263 315 1328 καί
344 1257 618 1347 πολυπρόσωπον
647 1262 700 1327 καί
728 1264 865 1347 γνωμῶν
892 1257 1013 1345 μεστδν
1033 1262 1167 1326 πολλῶν
1188 1284 1223 1325 τε

123 1371 176 1437 καί
198 1373 314 1437 καλῶν.

227 1480 318 1545 Haec
340 1480 420 1544 mihi
434 1479 626 1544 recentioris
638 1478 840 1565 grammatici
856 1480 1009 1545 videntur
1024 1501 1106 1563 esse,
1127 1502 1223 1565 quem

125 1587 333 1655 defensorem
357 1589 532 1676 Euripides
555 1588 633 1654 dixi.
657 1599 691 1653 ut
717 1612 814 1676 supra
834 1589 1067 1676 Aristophanis
1088 1589 1222 1655 Andro·

126 1698 271 1762 runchum
302 1697 517 1785 vituperantis
549 1697 743 1788 sententiam
774 1720 811 1762 eo
833 1699 976 1763 refutare
999 1709 1134 1765 conatus
1151 1710 1223 1786 est,

123 1818 159 1871 nt
181 1808 323 1891 tragicas
354 1808 484 1872 fabulae
513 1818 623 1895 partes
650 1819 868 1888 enumeraret,
897 1809 941 1873 ita
969 1809 1004 1873 in
1030 1809 1092 1875 hoc
1123 1831 1223 1894 argu-

41 1980 44 1986 .
125 1926 235 1982 mento
249 1916 514 1996 Phoenissarum,
538 1916 629 1981 cuins
644 1917 883 2004 Aristophanes
904 1919 1078 1985 nonnullas
1091 1939 1222 1984 scaenas

126 2026 312 2106 damnavit,
350 2024 495 2090 studiose
525 2024 616 2089 locos
653 2009 858 2107 περιπαθεῖς
890 2026 1074 2112 conquirit,
1108 2027 1223 2093 eodem

126 2134 192 2199 fato
215 2118 302 2199 arci
326 2134 459 2200 cardine
484 2136 639 2199 aberrans
658 2157 720 2219 qno
744 2145 849 2199 antea.
872 2135 960 2220 qnod
983 2135 1070 2200 idem
1095 2136 1221 2202 Aristo-

124 2244 239 2329 phanis
260 2238 606 2330 παραπληρωματικόν
637 2244 773 2308 mutavit
802 2244 836 2310 in
866 2239 1139 2330 πολυπρόσωπον
1168 2247 1222 2311 καί

124 2355 260 2437 γνωμῶν
281 2348 403 2435 μεστδν
425 2352 560 2417 πολλῶν
578 2377 614 2418 τε
636 2353 689 2417 καί
710 2354 843 2417 καλῶν
863 2376 977 2438 parurn
999 2356 1156 2440 probatur
1176 2356 1221 2419 al·

125 2462 186 2526 teri
211 2462 415 2544 scholiastae,
441 2463 494 2548 qni
518 2462 648 2549 scripsit
660 2460 815 2528 adaeus
832 2454 891 2528 οιίκ
907 2460 942 2529 ἐν
960 2462 1067 2529 δέοντι
1088 2463 1124 2529 δὲ
1144 2486 1221 2549 γνω-

124 2570 267 2655 μολογεῖ,
290 2565 454 2636 τοιούτων
475 2574 583 2637 κακῶν
603 2566 836 2656 περιεστώτων
863 2576 903 2662 τῇ
925 2567 1032 2639 πόλει.
1073 2576 1225 2651 τοιοῦτος

124 2678 160 2744 δὲ
182 2678 349 2759 πολλαχοῦ
372 2678 389 2743 δ
415 2677 605 2766 Εὐριπίδης.
628 2681 769 2747 Thomas
792 2682 951 2766 Magister
970 2681 1155 2768 promiscue
1181 2703 1222 2746 ex

125 2787 226 2875 copiis
250 2788 442 2854 recentioris
471 2789 676 2874 grammatici
711 2790 742 2854 et
775 2790 1005 2878 Aristophanis
1034 2813 1092 2855 suo
1126 2814 1222 2874 argu·

126 2906 234 2961 mento
258 2898 383 2962 infulsit
394 2899 492 2963 haec:
516 2895 587 2971 ἔστι
607 2896 643 2964 δὲ
663 2899 701 2964 τδ
723 2895 832 2984 παρδν
854 2899 965 2983 δράμα
982 2902 1049 2964 τοῖν
1070 2889 1148 2986 άγαν
1171 2900 1222 2983 ἒξ-

124 3009 272 3092 αιρίτων,
295 3007 452 3085 διανοίαις
473 3008 527 3073 καί
547 3003 689 3093 γνώμαις
710 3009 851 3087 πολλαῖς
868 3008 922 3073 καί
939 3009 1053 3087 καλαῖς
1074 3009 1128 3074 καί
1149 3033 1223 3074 ποι-

123 3113 228 3192 κίλαις
259 3106 388 3181 α’νθοῦν
417 3114 469 3181 καί
500 3115 718 3199 μεταχειρίσει
746 3108 878 3206 άρίστη,
915 3115 968 3181 καί
1002 3112 1056 3183 διά
1090 3112 1223 3182 πάντιον

124 3215 281 3307 άκμάζον,
303 3221 333 3289 εἰ
352 3224 405 3289 καὶ
426 3216 595 3289 άπίδανον
618 3221 684 3305 ἔχει
713 3220 773 3311 τήν
802 3223 849 3304 εἰς
873 3220 983 3312 Θήβας
1003 3226 1224 3305 Πολυνείκους

124 3328 264 3399 εἴσοδον.

224 3443 341 3508 Finem
366 3444 465 3508 faciat
486 3454 717 3528 argumentum
732 3445 1003 3530 Agamemnonis,
1026 3445 1082 3510 ubi
1103 3445 1145 3511 de
1163 3447 1223 3512 Ca-

125 3552 244 3618 sandra
265 3552 464 3618 vaticinante
487 3564 518 3618 et
534 3553 575 3618 de
590 3563 695 3618 morte
714 3553 784 3619 ciue
798 3553 1127 3640 Agamemnonisque
1142 3555 1222 3619 haec

124 3663 280 3747 leguntur
301 3662 424 3728 XIVF
448 3666 550 3728 τοῦτο
572 3661 609 3728 δὲ
629 3659 668 3728 τδ
692 3663 792 3748 μέρος
814 3667 877 3729 τοῦ
901 3658 1066 3747 δράματος
1088 3659 1223 3747 θαυμά-

125 3772 210 3853 ζεται
234 3766 280 3850 ιδς
302 3767 457 3858 ἔκπληξιν
481 3769 556 3854 ἔχον
576 3773 630 3838 καί
653 3765 764 3839 οἶκτον
786 3766 905 3837 ἱκανόν.
926 3770 1018 3850 ἰδίως
1039 3771 1075 3838 δὲ
1097 3769 1224 3854 Αἰσχδ-
1311 3840 1316 3855 ,

123 3882 180 3958 λος
200 3876 258 3946 τδν
279 3873 501 3966 Ἀγαμέμνονα
523 3878 591 3948 δπδ
614 3886 731 3969 σκηνῆς
752 3874 962 3967 άναιρεῖσδαι
982 3885 1085 3965 ποιεῖ,
1107 3878 1165 3946 τδν
1187 3880 1223 3947 δὲ

125 3985 321 4073 Κασάνδρας
343 3987 570 4077 σιωπήσας
598 3985 744 4056 θάνατον
774 3990 888 4075 νέκραν
917 3983 1023 4078 αιίτήν
1042 3987 1222 4074 ὑπέδειξεν.

125 4099 165 4164 dc
190 4100 449 4183 Agamemnonis
473 4110 577 4165 morte
601 4109 800 4187 spectatores
824 4101 978 4166 certiores
1004 4101 1087 4165 fiunt
1113 4102 1222 4166 excla-

125 4209 332 4292 mationibus,
354 4232 431 4294 quas
453 4209 510 4273 illc
530 4219 606 4295 post
628 4231 778 4274 scaenam
797 4209 874 4274 edit.
897 4210 958 4274 hoc
974 4206 1067 4287 ἰδίως
1082 4209 1222 4274 institnit

126 4318 325 4403 Aeschylus,
350 4341 422 4382 cum
445 4319 543 4404 longe
561 4318 803 4382 usitatissimum
822 4328 909 4382 osset
921 4319 1067 4403 tragicis,
1083 4328 1221 4384 mortem
