3000 5176
650 326 692 393 to

125 505 242 592 quibus
274 504 307 568 in
343 525 493 568 scaenam
525 499 643 564 missae
665 500 738 583 sint,
768 502 1065 569 referendas'es'sc
1094 513 1218 593 putent.

125 615 185 679 hoc
207 613 359 690 studium,
385 613 438 676 eui
460 612 492 674 in
519 609 725 698 explicandis
750 610 916 697 Euripidis
940 614 1059 677 fabulis
1081 614 1144 702 ipsi
1166 636 1218 678 ve-

123 734 210 788 teres
233 723 429 808 interpretes
458 719 623 784 interdum
648 742 714 783 non
738 729 915 806 potuerunt
941 745 1004 786 non
1032 721 1219 808 indulgere,

124 832 280 918 defensor
302 840 411 895 noster
434 829 592 894 vocabulo
615 835 914 915 κατασοκοφαντεῖν
937 840 1038 896 notat.
1061 853 1102 896 en
1128 831 1217 895 testi-

125 940 247 1005 monia:
276 956 278 960 ’

225 1049 326 1114 schol.
348 1031 437 1121 Hoc„
456 1047 518 1112 254
550 1038 724 1132 ἀχάριστον
753 1044 845 1131 ὑμῶν
873 1047 1003 1133 σπέρμ’,
1027 1045 1100 1114 ὅσοι
1122 1050 1218 1136 δημη-

115 1155 243 1246 ,γάρονς
266 1158 398 1242 ζηλοῦτε
417 1152 529 1240 τιμάςε
561 1160 666 1221 ταῦτα
691 1155 738 1235 εἰς
761 1154 819 1244 τὴν
840 1161 908 1222 κατ’
931 1151 1029 1224 adesir
1051 1158 1220 1241 πολιτείαν

124 1268 224 1355 λέγειν
259 1267 312 1332 καὶ
343 1262 413 1332 ἔστι
439 1269 591 1344 τοιοῦτος
614 1261 631 1331 ὁ
654 1258 833 1352 Εὐριπίδης
861 1262 1054 1351 περιέσπων
1077 1264 1119 1333 τά
1141 1271 1217 1335 καθ’

125 1374 240 1445 invado
261 1383 333 1456 τοῖς
354 1373 456 1464 ἥρωσι
479 1377 532 1442 aui
553 1373 630 1454 curig
650 1372 787 1461 χρόνοις
810 1377 962 1463 συγχέων.

223 1487 326 1552 schol.
350 1488 433 1552 Hee.
454 1487 517 1552 953
541 1479 649 1571 άνάγει
671 1486 706 1552 δὲ
728 1482 805 1564 τοὺς
825 1481 974 1569 χρόνοις·
1005 1487 1081 1570 περὶ
1104 1483 1220 1552 ἑαυτοῦ

124 1592 182 1682 γάρ
203 1591 357 1679 βούλεται
377 1593 565 1676 αἰνίξασθαι
587 1587 806 1680 ὁΕάριπίὸης.
830 1597 983 1672 τοιοῦτος
1005 1593 1040 1660 δέ·
1061 1593 1148 1660 ἐστιν
1170 1589 1222 1660 oiri

124 1699 165 1769 τά
187 1699 313 1790 ἡρωϊκά
333 1698 502 1787 πρόσωπα
523 1698 661 1787 εἰσάγων
676 1704 936 1791 φιλοσοφοῦντα.
959 1703 1220 1769 animadverten-

126 1815 202 1880 dum
235 1813 268 1878 in
303 1813 353 1876 his
379 1812 582 1896 Didymeum
618 1812 699 1876 illud
734 1807 884 1890 τοιοῦτός
915 1811 1001 1878 ἐστιν
1030 1803 1219 1899 Εὐριπίδης,

127 1922 213 2010 quod
237 1922 331 1987 etiam
354 1921 387 1984 in
410 1921 511 1985 schol.
528 1920 630 2008 Soph.
654 1919 800 1986 Odere
821 1921 952 2004 legitur.

226 2030 327 2096 schol.
352 2029 456 2093 Andr.
481 2029 554 2110 733,
575 2029 630 2092 ubi
656 2029 824 2094 Menelaus
848 2029 956 2094 verbis
981 2024 1065 2095 ‘sim
1086 2024 1148 2115 γάρ
1172 2054 1222 2108 τις

126 2131 165 2206 ori
186 2135 304 2223 πρόσω
325 2132 478 2223 Σπάρτης
500 2130 598 2214 πόλις
620 2159 679 2218 τις,
701 2127 721 2222 ἢ
745 2132 811 2221 πρὸ
833 2141 893 2203 τοῦ
912 2137 971 2221 μὲν
994 2125 1034 2224 ἦν
1056 2137 1145 2227 φίλη,
1167 2142 1223 2204 νῦν

128 2250 155 2316 ‹i’
179 2246 284 2332 ἐχθρά
305 2239 411 2313 ποιεῖ’
433 2256 544 2335 aperto
565 2246 646 2312 belli
668 2247 939 2334 Peloponnesiaci
960 2259 1098 2314 aetatem
1120 2250 1223 2335 respi-

101 2430 104 2436 .
126 2361 180 2441 cit,
205 2354 288 2424 ἔνιοί
309 2380 391 2444 φασι
411 2352 501 2441 παρὰ
521 2352 601 2434 τούς
623 2351 759 2441 χρόνους
781 2352 986 2422 αἰνίττεσθαι
998 2353 1039 2422 τά
1050 2343 1222 2423 Πελοπον·
1282 2344 1286 2348 ’

126 2462 269 2553 νησιακά.
292 2457 350 2532 oda
373 2457 545 2550 άναγκαῖον
568 2463 604 2530 δὲ
623 2469 1022 2552 κατασνκοφαντεῖν
1043 2461 1101 2530 τον
1121 2458 1223 2551 Eripe-

126 2574 233 2663 πίάην,
254 2565 335 2640 ἄλλά
359 2569 500 2662 φάσκειν
521 2569 688 2657 πλάσματι
719 2576 911 2659 κεχρῆσθαι.
957 2575 1021 2639 csr.·
1038 2577 1081 2642 ib.
1104 2600 1134 2642 v.
1150 2576 1222 2642 445.

74 2759 79 2765 ‚
129 2686 207 2771 quin
223 2687 277 2750 hic
296 2686 450 2750 defensor
467 2684 554 2748 idem
577 2684 617 2747 sit
640 2695 737 2770 atque
759 2684 816 2748 ille
836 2683 1010 2770 Sophoclis
1032 2690 1222 2771 κατηγορεῖν

127 2790 408 2880 &oppignoratae
432 2804 555 2877 vetans,
584 2816 624 2858 ex
656 2803 723 2858 tota
754 2794 982 2858 defensionum
1010 2805 1126 2860 natura
1156 2819 1222 2862 non

130 2916 179 2971 est
202 2902 425 2970 dubitandum.
449 2915 482 2969 et
504 2903 657 2989 quoniam
682 2902 771 2967 felici
793 2926 869 2967 casu
893 2903 1014 2967 factum
1039 2915 1098 2987 est,
1120 2916 1155 2969 ut
1179 2929 1222 2972 ex

128 3014 178 3078 his
199 3012 325 3078 duobus
348 3012 478 3077 scholiis
502 3033 789 3096 cognosceremus,
814 3032 887 3075 eum
900 3010 1076 3097 Sophoclis
1098 3015 1222 3101 pariter

128 3133 225 3208 etque
236 3121 403 3209 Euripidis
416 3121 522 3206 gratia
534 3143 669 3186 munere
693 3144 750 3184 suo
776 3130 908 3185 strenue
933 3122 1128 3210 fortiterque
1150 3124 1222 3188 fuu-

129 3241 216 3300 etum
240 3253 322 3313 esse,
343 3231 538 3295 necessitate
563 3229 701 3314 quadam
722 3230 762 3294 ad
784 3229 1005 3295 coniecturam
1029 3231 1221 3317 deferimur,

129 3341 260 3408 omnino
285 3364 382 3408 unum
407 3339 615 3425 eundemque
638 3339 749 3423 fuisse,
770 3340 824 3425 qui
845 3363 905 3426 pro
927 3340 1015 3405 virili
1037 3353 1128 3428 parte
1153 3367 1223 3410 oau-

130 3475 196 3516 sam
219 3460 334 3534 ageret
353 3474 412 3539 pro
435 3449 574 3538 culpatis
594 3449 756 3515 immerito
770 3450 885 3536 poetis.
907 3472 1003 3534 quem
1026 3473 1137 3516 omnes
1160 3454 1223 3542 spi-

129 3571 203 3647 rant
225 3561 286 3624 hae
306 3560 550 3625 observationes
574 3559 766 3634 doctrinam,
791 3581 829 3623 ea
856 3561 991 3644 egregie
1016 3561 1091 3625 huic
1112 3564 1224 3628 conie-

131 3681 242 3735 cturae
262 3671 361 3751 favet,
384 3670 505 3758 quippe
529 3670 561 3735 in
585 3670 702 3755 quibus
725 3669 816 3733 nulla
838 3669 887 3750 sit,
919 3693 1001 3758 quae
1025 3673 1065 3735 ab
1089 3662 1240 3752 auctore

130 3778 302 3864 prohibeat
323 3778 406 3842 illud
424 3773 471 3842 ‘ut
490 3779 598 3844 desint
611 3780 697 3845 vires
723 3789 830 3844 tamen
853 3790 901 3845 est
925 3779 1088 3844 laudanda
1110 3783 1224 3846 volun-

130 3881 200 3980 tas’.
222 3911 294 3953 cum
317 3887 351 3953 in
374 3889 435 3953 hoo
457 3898 626 3972 poetarum
642 3898 750 3952 tutore
764 3889 894 3953 tertium
910 3889 1223 3974 deprehenderimus

45 4059 49 4064 Α
130 3997 390 4082 grammaticum,
420 3996 476 4081 qui
504 3996 719 4085 explicandae
740 3997 800 4061 arti
825 4007 993 4084 poetarum
1016 4022 1034 4061 a
1055 3999 1223 4086 plerisque

130 4107 300 4189 neglectae
323 4126 358 4169 se
374 4105 565 4191 applicaret,
588 4128 654 4170 non
679 4106 720 4169 ab
744 4128 780 4169 re
803 4104 865 4168 erit
889 4127 1059 4190 quaerere,
1081 4130 1123 4172 ex
1146 4130 1223 4193 qua·

130 4239 206 4282 nam
226 4215 430 4303 potissimum
453 4238 563 4280 rerum
587 4215 721 4279 materia
737 4226 930 4297 argumenta
944 4239 1000 4279 sua
1013 4216 1223 4304 deprompse-

131 4325 181 4390 rit.
198 4335 328 4415 praeter
341 4324 462 4390 scholia
476 4324 539 4390 iam
554 4323 685 4390 laudata
697 4322 737 4389 ad
749 4322 843 4389 Aiac.
855 4322 916 4388 815
928 4323 1089 4389 Androm.
1101 4325 1153 4408 32,
1164 4326 1224 4392 733

1030 4435 1048 4488 t
