3000 5176
806 317 844 380 14

364 497 401 562 '0
440 498 494 564 καὶ
527 495 616 566 ἔστιν
644 494 662 564 ί·
696 497 757 583 μὲν
788 498 887 588 σκηνή
918 506 978 567 τοῦ
1008 496 1172 589 δράματος
1205 496 1296 586 παρά
1316 500 1364 586 uu*

270 602 366 695 τάφῳ
387 606 536 691 Δαρείου.

338 771 341 779 .
367 717 402 782 -G
445 711 465 802 ἦ
497 715 534 783 δὲ
553 713 727 797 ὑπόθεσις·
755 718 877 805 Ξέρξης
900 714 1178 803 στρατευσάμενος
1193 712 1275 782 κατά
1296 712 1366 781 Ἓλ-

269 820 378 906 λάδος,
409 825 462 889 καί
491 826 573 913 πεζῇ
600 826 660 909 μὲν
684 826 718 891 ἐν
740 828 923 906 Πλαταιαῖς
944 827 1100 914 νικηθεὶς,
1120 828 1251 915 ναυτικῇ
1274 823 1311 890 δὲ
1333 823 1366 888 ἐν

268 935 434 1017 Σαλαμῖνι,
453 930 506 999 διὰ
520 935 701 1014 Θεσσαλίας
716 932 849 1024 φεάγων
863 933 1089 1023 διεπεραιώθη
1104 933 1152 1013 εἰς
1162 933 1220 1021 τήν
1234 926 1364 999 Ἀσίαν.

368 1042 401 1107 D
444 1042 501 1109 ἐπὶ
520 1043 677 1123 Μένωνος
698 1047 874 1132 τραγῳδῶν
882 1041 1051 1127 Αἰσχύλος
1072 1044 1160 1110 ἐνίκα
1173 1041 1366 1126 ΦινεῖΠὲρ-

268 1177 341 1231 σαις
363 1159 378 1216 1
384 1149 495 1238 ’λαάκιμ
518 1158 708 1240 Προμηθεῖ.

368 1266 486 1332 desunt
508 1264 615 1333 ΑΕΚ

388 1374 471 1439 XIV
493 1384 725 1458 argumentum
747 1372 1005 1457 Agamemnonis
1028 1373 1247 1459 Aeschyleae.

368 1484 399 1548 A
442 1477 659 1569 Ἀγαμέμνων
688 1481 736 1562 εἰς
755 1473 857 1548 ’λλιον
888 1475 997 1547 υἰπιαίν
1017 1485 1058 1572 τῇ
1082 1476 1364 1569 Κλυταιμνήστρᾳ,

269 1592 298 1661 εἰ
317 1588 488 1679 πορθήσει
508 1588 547 1657 τά
559 1583 669 1675 Ἴλιον,
693 1589 855 1673 ὑπέσχετο
878 1596 939 1679 τής
949 1584 1051 1678 αὐτῆς
1066 1587 1188 1677 ήμὲρας
1199 1590 1366 1677 σημαίνειν

269 1702 322 1769 διὰ
341 1706 399 1768 τοῦ
422 1704 560 1784 πυρσοῦ.
582 1696 665 1767 ὅθεν
686 1697 814 1767 σκοπὸν
836 1696 990 1766 ἐκάθισεν
1011 1700 1069 1767 ε’πί
1087 1703 1202 1786 μισθηῖ
1225 1699 1362 1764 Κλυται-

268 1807 426 1898 μνήστρα,
449 1811 503 1875 ἵνα
525 1809 639 1899 τηροίη
661 1804 719 1875 τάν
739 1804 876 1893 πυρσόν.
910 1810 964 1875 καί
986 1805 1004 1874 ὁ
1025 1809 1084 1893 μὲν
1107 1804 1187 1874 ἰδιδν
1208 1800 1364 1895 άπήγγει-

269 1924 332 2003 λεν,
354 1917 437 2007 αιίτή
459 1919 495 1985 δὲ
506 1923 572 1984 τῶν
593 1922 788 2003 πρεσβυτῶν
808 1909 905 2000 ἰίχλον
922 1919 1183 2003 μεταπέμπεται,
1205 1920 1283 2004 περὶ
1306 1922 1365 1983 τοῦ

269 2033 398 2114 πυρσοῦ
422 2030 542 2113 ε’ροῖσα
563 2067 602 2076 -
622 2027 658 2111 ἐξ
678 2014 724 2094 τάν
752 2026 769 2094 ὁ
796 2023 896 2112 χορδς
919 2028 1106 2095 συνίσταται
1114 2033 1141 2072 ²⁶
1161 2067 1203 2076 -
1226 2030 1366 2106 οἵτινες

269 2132 464 2216 άκσάσαντες
476 2139 692 2221 παιανίζουσι.
713 2139 783 2222 μετ’
808 2130 847 2203 οιί
866 2134 953 2203 πολά
976 2137 1080 2204 δὲκαὶ
1100 2133 1366 2221 Ταλθάβιοςπα-

270 2248 431 2339 ραγίνεται
451 2248 504 2312 καί
524 2243 565 2312 τά
585 2243 667 2313 κατά
687 2242 745 2313 τάν
767 2248 876 2313 πλοῦν
897 2236 1064 2333 διηγεῖται.
1096 2240 1313 2333 Ἀγαμέμνων
1335 2248 1362 2312 δ’

270 2357 326 2422 ἐπὶ
346 2349 474 2444 ἀπήνης
497 2352 633 2440 ἔρχεται·
657 2357 771 2422 εἵπετο
794 2356 822 2420 δ’
846 2348 934 2442 αὕτη]
957 2351 1050 2438 ἑτέρα
1071 2348 1189 2442 άπήνη,
1222 2352 1307 2422 ἔνθα
1328 2341 1366 2444 ήν

269 2461 309 2530 τά
329 2461 459 2553 λάφυρα
478 2466 532 2531 καὶ
553 2463 572 2552 ή
595 2461 778 2551 Κασάνδρα.
821 2459 919 2544 αάτδς
949 2466 1008 2550 μὲν
1035 2452 1092 2531 οὖν
1119 2464 1365 2550 πρυεισὲρχεται

269 2572 317 2654 εἰς
334 2571 393 2640 τάν
415 2567 507 2641 οἰκον
529 2571 588 2641 σάν
607 2571 942 2665 τῇΚλυταιμνήστρρι.
966 2571 1141 2659 Κασάνδρα
1163 2573 1199 2640 δὲ
1221 2599 1365 2658 προμαν-

268 2679 408 2766 τεύεται,
432 2684 511 2769 πρὶν
534 2682 581 2761 εἰς
600 2683 641 2747 τά
661 2683 810 2767 βασίλεια
831 2683 1006 2767 εἰσελθεῖν,
1026 2683 1083 2749 τδν
1100 2680 1217 2771 ἑαυτῆς
1232 2667 1365 2749 καὶτοῦ

267 2785 516 2878 Ἀγαμέμνονος
540 2788 695 2876 θάνατον,
725 2794 779 2859 καί
804 2791 865 2879 τήν
895 2793 930 2876 ἐξ
948 2786 1096 2880 Ὀρέστου
1117 2791 1362 2879 μητροκτονίαν,

267 2900 321 2964 καὶ
343 2897 484 2988 εἰσπηδᾷ
507 2895 552 2978 αῖς
571 2899 767 2986 θανουμένη,
790 2900 916 2986 ῥίψασα
937 2896 978 2965 τά
1001 2899 1177 2984 στέμματα.

370 3008 401 3072 F
440 3012 538 3074 τοῦτο
566 3007 602 3074 δὲ
626 3004 664 3074 τά
692 3008 792 3093 μέρος
813 3013 875 3074 τοῦ
897 3004 1061 3094 δράματος
1082 3005 1286 3094 θαυμάζεται
1318 3005 1365 3087 τάς

270 3112 425 3203 ἔκπληξιν
456 3114 531 3199 ἔχον
558 3118 611 3183 καί
640 3109 751 3184 υἰκτον
782 3113 901 3184 ῖκανάν.
933 3115 1024 3197 ἰδίως
1052 3117 1089 3185 δὲ
1108 3113 1277 3201 Αἰσχύλος
1306 3113 1364 3183 τάν
1398 3183 1400 3187 ,

267 3217 497 3312 Ἀγαμέμνονα
518 3222 585 3292 ὑπὸ
606 3225 683 3310 <tat
705 3228 797 3309 eud.)
818 3231 935 3314 σκηνῆς
955 3220 1163 3314 άναιρεῖσθαι
1184 3232 1286 3310 ποιεῖ,
1308 3223 1366 3293 τὸν

267 3333 303 3399 δὲ
328 3330 521 3417 Κασάνδρας
543 3330 714 3419 σιωπήσας
733 3329 880 3401 θάνατον
911 3334 1025 3421 νέκραν
1052 3328 1156 3424 αιίτήν
1185 3332 1363 3417 ὑπέδειξεν,

267 3441 430 3530 πεποίηκέ
447 3467 482 3507 τε
503 3437 676 3528 Αἴγισθον
697 3443 751 3509 καὶ
764 3439 1053 3531 Κλυταιμνήστραν
1072 3440 1225 3530 ἑκάτερον
1247 3446 1365 3527 διῖσχο-

268 3545 437 3635 ριζάμενον
459 3551 537 3636 περὶ
564 3556 622 3639 τῆς
643 3545 841 3638 άναιρέσεως
868 3550 916 3619 ἑνὶ
941 3554 1119 3642 κεφαλαίῳ,
1149 3551 1210 3641 τήν
1238 3552 1297 3637 μὲν
1324 3556 1364 3643 τῇ

267 3749 312 3806 ὅτε
333 3756 406 3823 λέγει
425 3755 461 3807 δι’
482 3752 516 3822 ἢν
534 3759 624 3810 αἰτίαν
641 3752 780 3829 πάρεστιν,
801 3757 837 3818 εἰς
856 3756 887 3811 τὸ
906 3754 1017 3830 ιΤύριον
1035 3761 1121 3832 οἰδμα
1142 3757 1266 3814 λιποῦσιί
1286 3759 1363 3826 (Eur.

267 3849 371 3904 Phoen.
382 3853 445 3917 202)
466 3848 497 3904 τά
516 3853 547 3905 δὲ
565 3849 694 3925 στάσιμα,
716 3852 759 3908 ὅτε
779 3860 883 3908 ἵσταται
902 3861 947 3910 καὶ
964 3851 1076 3928 ἰίρχεται
1093 3858 1139 3924 τῆς
1154 3857 1300 3928 συμφορᾶς
1317 3857 1364 3908 τοῦ

268 3941 415 4017 δράματος,
435 3944 468 4000 τά
490 3949 520 4000 δὲ
540 3947 707 4021 κομματικὰ,
725 3946 771 4003 ὅτε
789 3949 886 4006 λοιπὸν
907 3953 939 4006 ἰν
958 3947 1049 4022 θρήνῳ
1070 3958 1172 4021 γίνεται
1191 3953 1365 4006 secluserunt

267 4042 492 4097 Schneidewinus
504 4045 704 4100 etDindorflus
722 4050 754 4100 ut
772 4052 934 4117 excerptum
955 4049 1070 4102 alterius
1086 4048 1261 4118 grammatici
1271 4049 1364 4102 alieno

266 4140 329 4194 loeo
349 4140 493 4197 insertum.

366 4240 401 4290 26
421 4237 555 4292 Similiter
571 4239 718 4296 haeunota
734 4244 763 4296 in
782 4243 931 4296 Persarum
950 4247 1114 4314 argumento
1138 4245 1284 4298 commodo
1304 4248 1361 4299 sta·

268 4331 321 4385 tim
339 4332 402 4386 1000
421 4335 549 4403 apposita
569 4341 619 4390 est.
