3000 5176
767 317 809 382 46

222 523 281 590 per
302 500 450 567 nuntium
473 499 615 584 aliquem
639 521 802 584 enarrare,
824 524 897 566 nam
914 503 1045 568 omnino
1067 504 1174 568 omnia
1194 512 1317 590 specta·

222 621 328 676 torum
352 610 457 675 oeulis
480 610 685 692 subtrahunt,
717 632 800 696 quae
834 612 904 675 visu
938 612 989 676 vel
1023 612 1119 677 nimis
1150 611 1320 677 horribilia

222 723 287 785 sint
309 720 364 784 vel
386 722 555 784 obseoena.
578 718 618 783 de
641 719 701 784 hac
720 742 755 784 re
772 721 994 805 compluribus
1007 721 1088 786 locis
1102 723 1319 787 observarunt

221 831 414 896 scholiastae
435 827 533 892 voluti
547 827 587 892 ad
605 828 683 894 Earn.
696 828 776 893 Hec.
789 829 851 893 484
873 827 954 894 κατά
975 827 1013 896 τδ
1038 824 1320 914 σιωπώμενον

221 933 347 1026 ἐσφάγη
364 933 571 1023 ἡΠολυξένη.
595 932 678 1014 ἔθος
699 932 757 1021 γάρ
778 942 850 1016 τοῖς
870 944 1034 1024 τραγικοῖς
1054 935 1093 1003 ari
1114 937 1159 1026 μὴ
1173 938 1225 1004 ἐπ’
1239 929 1317 1022 datter

220 1052 286 1113 τῶν
308 1050 440 1113 θεατῶν
460 1037 613 1130 άναιρεῖν.
654 1037 839 1132 ἠνιάθησαν
860 1043 918 1134 γάρ
943 1043 981 1113 δν
1003 1043 1146 1132 δρῶντες
1168 1043 1319 1134 τοιαύτην

221 1160 314 1225 θίαν.
358 1158 417 1223 cfr.
443 1158 558 1223 scboll.
585 1157 636 1223 El.
662 1158 752 1222 1384.
778 1158 868 1224 1495.

268 1286 270 1291 ·
323 1267 510 1333 Admodum
526 1266 641 1331 similis
655 1277 704 1331 est
723 1289 873 1350 scaenae,
896 1289 992 1352 qaam
1014 1268 1048 1332 in
1065 1269 1317 1354 Agamemnona

223 1379 347 1445 notavit
362 1377 598 1464 Aristophanes
621 1378 673 1440 vel
698 1377 751 1461 qui
775 1377 843 1442 eius
868 1378 971 1464 copiis
994 1402 1070 1444 risus
1094 1391 1152 1462 est,
1174 1380 1208 1446 iu
1221 1382 1317 1447 Elec·

177 1518 180 1529 ·
221 1500 270 1553 tra
299 1510 347 1570 ea,
380 1486 434 1552 ubi
463 1486 727 1571 Clytaemnestra
751 1487 792 1550 ab
806 1485 925 1553 Oreste
948 1488 1152 1571 interficitur,
1176 1491 1317 1556 elidem

178 1611 179 1615 ’
220 1597 391 1664 artificium
416 1604 542 1684 poetae,
567 1596 653 1680 quod
675 1594 914 1680 simplicissime
937 1597 1141 1680 significatur
1163 1599 1196 1662 in
1219 1622 1315 1685 argu·

221 1715 341 1786 mento,
369 1702 535 1789 amplioris
557 1702 776 1768 annotationis
797 1702 984 1768 facultatem
1010 1703 1102 1767 dedit
1123 1705 1317 1771 scholiastae

219 1816 260 1880 ad
283 1841 313 1882 v.
328 1814 409 1879 1404
432 1809 515 1890 ἔθος
538 1808 648 1893 ἔχουσι
670 1808 712 1877 τά
735 1807 889 1897 γεγονότα
912 1809 1006 1878 ἔνδον
1020 1805 1233 1899 άπαγγέλλειν
1245 1821 1319 1895 τοῖς

220 1922 284 2007 ἔξω
307 1919 337 1988 oi
360 1913 498 2008 άγγελοι,
523 1924 578 1986 νῦν
599 1921 635 1986 δὲ
653 1917 707 1987 διά
728 1919 766 1986 τδ
789 1920 833 2008 μὴ
855 1920 1031 2006 διατρίβειν
1052 1922 1086 1987 ἐν
1106 1926 1154 2009 τῷ
1171 1921 1315 2009 ’δράματι

220 2026 283 2099 οὐκ
304 2033 467 2118 ἐποίησεν.
498 2026 643 2117 corianam
664 2027 723 2116 γάρ
744 2030 961 2115 προκείμενον
982 2027 1021 2096 τδ
1041 2028 1122 2096 κατά
1135 2025 1317 2119 τήνἨλέκ-

218 2167 297 2225 τραν
329 2141 398 2208 ἐστὶ
428 2136 551 2218 πάθος.
592 2143 647 2204 νῦν
675 2140 784 2204 τοίνυν
810 2135 940 2226 βοώσνγς
961 2139 995 2206 ἐν
1015 2144 1055 2230 τῇ
1076 2133 1239 2225 ἀναιρέσει
1260 2147 1318 2230 τῆς

218 2245 507 2338 Κλυταιμνήστρας
528 2241 642 2315 άκοάει
665 2245 826 2336 δθεατὴς
849 2250 903 2314 καὶ
925 2248 1148 2335 ἐνεργέστερον
1169 2248 1208 2316 τδ
1231 2256 1316 2335 πρᾶ-

217 2386 281 2448 γμα
301 2359 422 2446 γίνεται
440 2353 461 2445 ἠ’
471 2358 512 2423 δι’
528 2352 660 2443 άγγὲλου
680 2352 926 2443 σημαινόμενον.
950 2358 1004 2423 καὶ
1024 2354 1062 2424 τδ
1080 2356 1239 2446 φορτικὸν
1259 2364 1317 2448 τῆς

218 2461 334 2553 ὅψεως
354 2461 475 2534 άπεστι
496 2459 641 2555 <ainictu
656 2467 730 2552 LG,
752 2458 875 2534 άπεστι.
894 2468 1090 2550 Vsenorus>,
1111 2467 1150 2534 τδ
1172 2468 1208 2534 δὲ
1228 2469 1315 2552 ἐναρ-

217 2579 268 2663 γὲς
292 2569 390 2642 οὐδὲν
412 2563 515 2663 ἧσσον
535 2577 589 2642 καὶ
610 2572 665 2642 διά
689 2579 747 2664 τῆς
767 2579 851 2663 βοῆς
872 2573 1173 2661 ἐπραγματεύσατο.
1211 2579 1314 2642 omni-

217 2689 276 2753 bus
296 2684 485 2752 huiusmodi
505 2687 788 2752 observationibus
811 2707 869 2771 pro
894 2685 1107 2753 fundamento
1130 2697 1179 2752 cst
1200 2698 1313 2752 notum

217 2795 299 2860 aaa
331 2794 520 2860 nasutas
551 2776 1127 2882 praeceptumAP.14p.1453b1:
1161 2792 1232 2861 aaa
1254 2794 1313 2878 μιν

216 2890 277 2968 οὖν
306 2901 344 2969 τὸ
374 2902 521 2991 φοβερδν
547 2902 600 2967 καὶ
621 2898 762 2967 ἐλεεινδν
783 2900 817 2966 ba
841 2905 899 2987 τῆς
923 2892 1040 2986 ὅψεως
1060 2903 1221 2988 γίνεσθαι,
1244 2901 1312 2969 ἔστι

214 3013 324 3078 δὲκαὶ
347 3012 384 3094 ἒξ
401 3006 499 3099 αὐτῆς
521 3015 579 3099 τῆς
600 3007 789 3088 συστάσεως
810 3014 877 3075 τῶν
899 3007 1109 3096 πραγμάτιον,
1140 3009 1224 3096 ὅπερ
1246 3013 1314 3078 ἐστὶ

216 3119 383 3209 πρότερον
403 3123 456 3188 καὶ
477 3124 617 3209 ποιητοῦ
637 3114 816 3204 άμείνονος.
838 3122 890 3186 δεῖ
908 3117 967 3206 γάρ
988 3122 1040 3188 καὶ
1063 3113 1142 3188 άνευ
1154 3127 1216 3188 τοῦ
1236 3121 1315 3208 ὁράν

314 3277 346 3328 51
370 3276 455 3328 Τοῦτο
472 3270 525 3346 γάρ
542 3275 598 3343 LG,
620 3274 695 3344 quod
716 3275 873 3330 Brunckius
892 3279 921 3329 et
934 3277 986 3331 Ed.
1001 3278 1034 3331 a.
1047 3279 1118 3332 male
1131 3279 1170 3332 sic
1184 3279 1314 3334 dividunt

215 3367 264 3424 σιίκ
283 3372 415 3438 ἐποίησεν
429 3373 515 3425 τοῦτο.
534 3377 716 3443 προκείμενον
732 3365 785 3441 γάρ
805 3374 860 3425 κτλ.
878 3374 1017 3427 sententia
1036 3373 1135 3428 scholii
1155 3376 1310 3445 perspicua.

214 3466 268 3521 hoc
290 3468 435 3521 enuntiato
455 3485 537 3522 causa
555 3467 725 3531 continetur,
746 3485 796 3520 cur
814 3468 966 3537 Sophocles
982 3470 1216 3538 Clytaemnestrae
1234 3490 1310 3526 mor-

214 3568 270 3615 tem
289 3579 345 3616 non
357 3580 408 3631 per
426 3563 557 3616 nuntium
575 3563 757 3619 enarraverit.
776 3563 851 3631 quod
869 3569 901 3617 nt
918 3565 1020 3620 clarius
1035 3567 1152 3620 reddam
1161 3585 1213 3636 pro
1227 3569 1311 3634 τοῦτο,

215 3752 367 3806 inferretur
393 3753 523 3818 dramati,
548 3754 676 3808 nuntium
701 3755 750 3823 qui
774 3761 893 3809 mortem
921 3757 1157 3824 Clytaemnestrae
1181 3765 1310 3813 accurate

213 3855 368 3919 exponeret
386 3868 443 3904 non
461 3851 589 3905 adhibuit
607 3856 698 3920 poeta.
737 3870 801 3906 nam
822 3871 878 3907 non
904 3853 933 3906 in
957 3853 1193 3922 Clytaemnestrae
1213 3857 1262 3910 aed
1282 3858 1309 3910 in

215 3947 344 4002 Electrae
364 3948 483 4001 miseriis
503 3949 743 4016 repraesentandis
762 3956 893 4004 versatur
920 3950 982 4004 linis
1008 3951 1136 4006 fabulae'.
1169 3953 1221 4006 hoc
1245 3947 1310 4022 πρό-

214 4061 311 4098 σωπον
328 4047 482 4113 περιπαδές
499 4049 616 4098 vocatur
635 4044 662 4097 in
682 4044 767 4099 schol.
780 4044 834 4101 OT.
848 4049 916 4100 1073
936 4049 1102 4118 bucconem)
1121 4047 1153 4100 τὰ
1172 4048 1217 4116 τῆς
1234 4045 1311 4101 άναι-

212 4145 312 4211 ρέσεως
330 4135 396 4207 αὐτὴ
416 4140 472 4210 μὲν
490 4135 665 4207 ἀπήλλακται,
685 4139 700 4194 ὁ
722 4142 752 4194 δὲ
768 4143 899 4202 Οἰδίπους
918 4146 1125 4214 περιλέλειπται.
1143 4142 1174 4197 τὸ
1192 4143 1245 4216 γὰρ
1263 4142 1311 4199 αὐ-

212 4239 260 4290 τοῦ
278 4231 473 4307 πρόσωπόν
491 4239 546 4294 ἐστι
567 4236 596 4291 τὸ
616 4240 829 4310 περιπαθὲς,
856 4243 918 4309 περὶ
943 4236 959 4292 ὃ
987 4240 1064 4292 πᾶσα
1084 4239 1098 4306 ἡ
1122 4235 1311 4300 einsidelnensi

212 4329 357 4407 δράματος.
