3000 5176
743 347 801 411 104

219 532 317 617 χορόν
340 530 408 600 ἔδει
428 539 463 619 γε
488 537 623 619 πρῶτον
644 529 762 614 εἰπεῖν,
792 529 829 597 οἳ
852 528 898 611 ῶς
923 532 980 599 έπὶ
1002 530 1127 624 μεγάλη
1149 528 1322 624 προφάσει

221 642 413 710 ἐκκαλοῦσιν
435 636 553 732 αότήν·
588 635 697 721 άλλως
718 667 753 708 τε
778 638 810 709 οὶ
831 635 899 708 άπό
921 647 981 709 τοῦ
1002 648 1106 729 χοροῦ
1128 638 1323 728 οἰκειότεροί

218 748 308 830 εἰσιν,
333 748 379 831 ῶς
399 753 534 818 πολῖται
555 755 619 819 τοῦ
637 747 795 830 Αἴαντος,
832 747 917 818 ῶστε
940 754 994 818 καὶ
1015 749 1033 820 ὁ
1057 745 1191 839 άγγελος
1214 752 1322 830 καλῶς

218 855 281 926 οδκ
303 857 434 949 ἐζήτησε
456 864 569 946 μεῖζον
591 859 789 946 πρόσωπον,
821 854 903 927 άλλά
926 859 984 929 τόν
1006 858 1140 928 Αἴαντα
1161 856 1204 929 ου’
1223 886 1322 928 κατα-

190 970 333 1056 θλαβων
355 970 449 1040 ένδον
472 968 557 1058 πρός
577 968 635 1037 τόν
645 967 743 1055 χορόν
763 971 872 1059 φησίν·
895 969 943 1051 εἰς
961 964 1100 1060 α’νάγκην
1123 973 1159 1040 δέ
1181 967 1322 1059 γεγονιδς

221 1079 238 1150 ὁ
263 1079 404 1170 ποιητής
425 1085 488 1147 τοῦ
511 1082 680 1167 διλογῆσαι
701 1073 850 1165 οὐδαμοῦ
872 1080 1061 1172 προσκορης
1080 1083 1216 1170 ἐγένετο,
1237 1070 1320 1149 άλλά

220 1189 261 1257 τὰ
282 1188 419 1276 δεύτερα
440 1187 494 1258 διά
518 1189 665 1274 βραχέων
687 1185 860 1276 ἐξήνεγκεν.

305 1301 420 1385 Autig.
436 1302 492 1365 111
515 1291 554 1366 δν
574 1299 625 1388 ἐφ’
643 1295 785 1388 ἡμετέρᾳ
805 1305 862 1389 γᾷι
884 1296 993 1367 ὅντινα
1005 1297 1146 1386 στρατόν
1156 1295 1322 1389 Ἀργείων,

222 1411 259 1493 ἐξ
277 1403 468 1501 άμφιλόγων
498 1409 630 1475 νεικέων
658 1402 786 1494 άρθεὶς,
817 1401 933 1497 ἢγαγεν
957 1406 974 1477 ό
996 1398 1206 1497 Πολυνείκης,
1238 1404 1322 1493 οἷον,

177 1530 209 1581 10
221 1519 403 1608 οἷμφιλογίηι
423 1514 624 1606 χρησάμενος
647 1514 734 1602 πρδς
762 1515 820 1584 τόν
843 1511 1003 1608 άδελφόν·
1034 1516 1088 1586 διὰ
1114 1520 1261 1605 βραχέων
1287 1521 1322 1588 δέ

224 1625 319 1698 εἶπεν
340 1622 436 1714 αότδ,
459 1626 504 1709 ῶς
524 1629 688 1715 γνωρίμου
712 1619 815 1714 οόσης
840 1633 897 1715 τῆς
920 1624 1130 1709 ὑποθέσεως.

307 1741 360 1806 Ai.
372 1741 411 1804 57
435 1734 569 1816 δισσοδς
588 1729 773 1823 Ἀτρείδαςι
796 1740 951 1815 πιθανῶς
971 1733 1098 1803 τούτων
1117 1737 1158 1802 τά
1179 1731 1323 1823 ὀνόματα

223 1843 327 1916 εἶπεν.
374 1848 442 1913 κατ’
465 1846 572 1913 αὐτῶν
592 1842 651 1932 γὰρ
672 1846 797 1910 πλείων
819 1841 838 1932 ἡ
864 1838 1086 1933 άγανάκτησις,
1110 1842 1156 1926 ῶς
1175 1852 1233 1934 τῆς
1252 1840 1323 1915 άδι-

223 1959 294 2038 κίας
315 1954 640 2043 προκαταρξαμένων.
662 1950 700 2021 τό
723 1954 759 2021 δέ
780 1959 839 2021 τοῦ
849 1947 1027 2035 Ὀδυσσέως
1044 1954 1256 2041 ἐταμιεύσατο
1274 1963 1322 2046 τη]

177 2074 209 2126 15
223 2064 358 2151 Aiolou,
390 2068 443 2132 ἳνα
459 2068 572 2150 μεῖζον
593 2060 644 2152 εἴη
668 2060 707 2132 τό
726 2060 841 2144 πάθος
861 2065 961 2131 αὐτοῦ
982 2071 1133 2155 φανερῶς
1154 2069 1321 2154 παραπαέ·

224 2201 328 2259 οντος,
353 2169 492 2263 κάπειδὴ
523 2174 650 2260 γέλοιον
672 2170 885 2258 προελθόντα
910 2175 968 2241 τόν
989 2169 1122 2242 Αἴαντα
1144 2177 1247 2262 λέγειν
1269 2177 1323 2244 καὶ

224 2287 438 2371 παρενοχλεῖν
459 2290 531 2364 τοῖς
551 2291 691 2364 θεαταῖς
711 2283 740 2352 εἰ
762 2281 952 2370 προειρέκει
975 2282 1084 2352 πάντα
1106 2283 1125 2374 η
1146 2279 1280 2373 Ἀθηνᾶ.

309 2394 453 2463 011220
470 2394 581 2460 Λαίοο
595 2391 666 2462 ἴστε
685 2395 744 2460 τίν’
757 2387 939 2481 άπόγονον;
962 2383 998 2461 εὖ
1019 2395 1221 2462 διατέθειται
1243 2420 1322 2482 γνω-

224 2501 395 2590 ριζόμενον
419 2502 485 2570 ὑπό
508 2508 575 2570 τῶν
595 2503 782 2591 Ἀθηναίων
805 2503 977 2588 Οἰδίποδα,
1009 2502 1092 2590 ὑπὲρ
1114 2510 1174 2572 τοῦ
1204 2503 1249 2594 μή
1271 2530 1323 2592 γε·

315 2738 329 2788 l
349 2735 405 2788 ἔδει
423 2751 456 2804 γε
474 2734 576 2804 scripsi
594 2734 684 2788 ἔδεισε
701 2733 724 2786 L
743 2734 800 2788 ἔδει
817 2734 864 2789 Br.

350 2833 376 2883 οἳ
396 2829 484 2889 ῶς-
503 2830 664 2884 έκκαλοῦσιν
681 2829 706 2884 R
726 2834 755 2884 et
775 2830 927 2884 secundum
946 2827 1090 2883 Wolffium
1108 2830 1138 2883 in
1157 2833 1280 2884 zeitschr.
1300 2836 1321 2898 s·
1392 2823 1402 2837 '

225 2930 538 2983 ιι.ιι1ιωι1ι.-ιιι·αιιιιει.
558 2927 626 2980 1855
636 2943 664 2995 p.
674 2927 708 2980 63
728 2926 847 2980 etiamL
865 2921 924 2980 οἷον
941 2923 1021 2985 ῶς-
1032 2926 1206 2984 ἐκκαλοῦντες
1221 2924 1321 2978 ΕΙαιεΙ.

225 3024 259 3079 ἵν’
278 3024 377 3078 ἐκεῖνοι
394 3021 477 3082 ῶς-
497 3023 649 3077 ἰκκαλῶσιν
666 3022 722 3077 GV.

314 3118 385 3174 3ib.
405 3120 458 3172 744
476 3119 609 3183 πιθανῶς,
637 3115 673 3178 ῶς
690 3119 807 3184 πολῖται,
830 3112 918 3188 χόλον
939 3121 984 3170 καὶ
1009 3112 1041 3172 oi
1065 3122 1169 3190 μανίαν
1187 3120 1321 3187 λέγουσιν.

225 3215 276 3271 cfr.
298 3215 384 3269 schol.
404 3216 464 3269 134.

315 3313 368 3367 oi.
388 3329 410 3367 e.
428 3310 495 3365 ‘non
515 3311 632 3365 moleste
657 3311 790 3381 repetivit
815 3311 908 3364 nuntii
934 3312 1130 3376 narrationem,
1156 3310 1206 3365 sed
1226 3310 1322 3379 paucis

226 3409 355 3478 exposuit
374 3408 537 3462 Tecmessae
557 3425 693 3461 summam
719 3403 795 3461 eius‘.
834 3407 964 3461 similiter
986 3412 1139 3477 προσκορές
1162 3407 1268 3461 dictum
1293 3407 1322 3459 in

226 3504 311 3559 schol.
322 3503 364 3557 Ai.
376 3507 411 3559 50
428 3505 580 3575 προσκορές
598 3497 632 3572 ἦν
648 3506 835 3577 διηγηματικρῖ
853 3506 919 3559 εἴδει
936 3503 966 3559 τὸ
986 3505 1043 3558 πάν
1060 3505 1217 3567 διεξελθεῖν,
1237 3520 1323 3571 quere

225 3601 411 3655 monostichis
430 3601 559 3656 adhibuit
576 3604 669 3670 poete.

297 3701 328 3750 11
348 3697 398 3752 cfr.
418 3702 581 3766 corruptum
599 3697 724 3752 scholion
741 3697 784 3752 Ai.
804 3699 864 3751 906.

300 3795 334 3846 17
351 3811 422 3862 quae
443 3793 473 3847 in
490 3794 609 3864 prologo
627 3810 684 3847 non
704 3794 831 3863 exposita
843 3797 886 3849 esi
896 3792 1055 3863 argumenti
1064 3810 1130 3862 pars
1148 3809 1261 3846 necesse
1279 3795 1324 3846 est

227 3890 392 3960 suppleatur
409 3890 439 3943 in
454 3890 516 3959 ipso
537 3890 670 3944 dramate.
708 3888 793 3944 schol.
812 3890 856 3945 Αἰ.
876 3891 928 3943 756
954 3890 1080 3948 πιθανῶς
1103 3888 1140 3949 ῶς
1156 3883 1253 3961 μάντις
1275 3886 1324 3955 τὴν

227 3993 316 4043 αἰτίαν
334 3990 408 4058 λέγει
425 3988 471 4054 τῆς
492 3990 608 4058 μανίας·
634 3990 691 4039 κατ’
710 3981 797 4056 ἀρχάς
815 3982 868 4055 γὰρ
887 3982 1014 4052 ἡἈθηνά
1034 3980 1117 4039 οὐδὲν
1133 3978 1236 4040 τούτων
1253 4005 1323 4055 προ-

228 4094 311 4141 εῖπεν.
329 4085 367 4140 ib.
378 4086 428 4137 741
448 4079 604 4154 ἀναγκαίως
621 4084 761 4152 διηγεῖται,
781 4076 865 4135 ὁπότε
884 4083 1003 4151 ἔγνωκεν
1021 4075 1128 4136 ἀπόντα
1146 4078 1195 4135 τὸν
1204 4087 1321 4136 Αἴαντα·

228 4183 282 4237 ἔδει
301 4177 354 4252 γὰρ
376 4181 530 4247 δηλωθῆναι
550 4181 588 4249 τῷ
606 4174 721 4249 θεάτρῳ.

301 4279 333 4330 19
353 4276 438 4331 schol.
455 4277 500 4329 BL
520 4279 608 4330 11246
631 4272 680 4331 οὐκ
703 4272 820 4346 ἀκαίρως
844 4277 1015 4346 γενεαλογεῖ·
1041 4278 1183 4340 συνίστησι,
1212 4271 1266 4344 γὰρ
1291 4275 1321 4326 ἐκ

227 4369 374 4445 προγόνων
391 4370 494 4439 αὐτοὺς,
514 4371 562 4427 οὐκ
580 4370 677 4444 εὐχερῆ
694 4371 743 4440 τὴν
760 4370 828 4445 πρὸς
846 4367 954 4431 τούτους
969 4367 1065 4444 μάχην
1082 4365 1194 4429 δεικνύς.
