3000 5176
658 328 698 393 19

130 507 190 591 τῆς
212 503 369 591 Ἀργείας
389 499 498 592 γῆς,ὁ
523 505 560 571 δὲ
579 500 679 591 χορὸς
698 504 890 592 συνέστηκεν
910 506 946 590 ἐξ
965 508 1151 593 ἐπιχωρίων
1173 532 1228 595 yv-

129 637 257 678 ναικων.

229 722 348 789 desunt
370 725 581 793 ABDEFG.

231 834 475 919 Argumentum
498 836 693 924 Iphigeniae
706 836 898 901 Aulidensis
920 836 1047 900 nullum
1072 845 1131 919 est,
1154 836 1225 900 He-

129 941 327 1007 raclidarum
348 945 497 1010 Helenae
519 946 673 1010 Herculis
697 946 848 1010 furientis
882 967 947 1009 non
980 945 1109 1027 babent,
1137 945 1226 1009 unde

131 1050 359 1138 Aristophanis
382 1053 556 1140 disciplina
579 1055 735 1138 cognosci
762 1064 870 1142 queat

578 1259 684 1266 ——..

230 1474 433 1564 Comparatis
453 1477 539 1542 inter
560 1501 595 1543 se
617 1501 700 1563 quae
724 1478 756 1543 in
780 1475 921 1559 singulis
941 1474 1143 1560 argumentis
1160 1497 1226 1540 ser-

129 1594 212 1668 vata,
237 1606 321 1670 quac
345 1586 474 1672 perdita
495 1597 579 1670 snut,
600 1587 675 1651 hice
699 1586 842 1652 evadunt
872 1584 1025 1672 partium,
1057 1610 1136 1672 quas
1164 1601 1226 1656 sta-

130 1692 251 1757 tuimus
271 1696 409 1760 numeri.
432 1697 617 1762 rarissimae
639 1705 714 1761 sunt
733 1708 840 1779 notae,
862 1696 979 1782 quibus
1003 1707 1101 1780 quota
1127 1721 1226 1783 quae-

131 1822 193 1887 que
217 1801 258 1864 sit
282 1801 392 1866 fabula
409 1801 558 1884 traditur,
580 1827 656 1868 nam
672 1805 722 1870 bis
736 1814 863 1868 tantum
886 1803 970 1868 hanc
993 1824 1064 1868 rem
1085 1804 1226 1871 vidimus

130 1918 246 1973 tactam
268 1908 302 1971 in
324 1910 358 1975 II
378 1910 439 1975 ΙΧ.
464 1912 569 1998 capita
590 1907 778 1999 (κεφάλαια)
810 1933 894 1996 quae
927 1909 1081 1976 dicuntur
1111 1913 1144 1977 in
1175 1936 1224 1978 se·

131 2027 220 2102 ptem
244 2029 357 2083 extant
377 2021 578 2104 argumentis
598 2021 633 2086 II
654 2021 686 2085 V
710 2022 762 2086 XI
785 2021 853 2086 XII
875 2020 960 2085 XIII
982 2019 1049 2085 XV
1069 2021 1166 2103 XVI,
1190 2023 1225 2086 in

131 2136 206 2192 octo
229 2127 424 2191 didascalica
454 2126 505 2190 III
529 2127 560 2189 V
586 2127 636 2193 IX
661 2126 730 2192 XII
751 2127 840 2193 XIII
865 2126 948 2192 XIV
972 2125 1054 2191 XVI
1077 2127 1171 2209 XIX,
1191 2129 1225 2191 in

130 2233 267 2327 totidem
290 2233 409 2298 iudicia
440 2235 481 2298 de
508 2235 706 2321 praestantia
728 2224 911 2300 fabularum
935 2235 971 2299 II
993 2235 1043 2298 VI
1067 2235 1157 2300 VIII
1177 2236 1227 2300 IX

131 2343 164 2407 X
185 2342 267 2406 XIV
291 2343 377 2409 XIX
396 2345 489 2427 XXI.
516 2345 626 2410 decies
644 2345 818 2410 edocemur
833 2345 1064 2410 numeundem
1076 2347 1225 2432 mythum

135 2453 219 2518 alter
240 2464 337 2539 poeta
359 2456 496 2520 dramati
512 2479 570 2520 suo
585 2456 798 2522 substraverit
819 2455 852 2520 in
875 2455 949 2520 III
972 2454 1025 2520 HI
1047 2454 1096 2519 IV
1119 2455 1152 2518 V
1178 2455 1227 2519 VI

133 2561 183 2626 IX
207 2563 260 2627 XI
282 2562 370 2628 XIII
390 2562 484 2644 XVI,
507 2573 624 2649 quater
646 2561 756 2627 docies
777 2563 887 2627 fabula
907 2571 1076 2626 enarratur
1098 2559 1130 2624 iu
1152 2558 1167 2622 I
1192 2558 1228 2622 II

132 2667 189 2734 III
208 2669 258 2734 IV
281 2670 331 2734 VI
355 2669 422 2734 VII
444 2669 531 2734 VIII
555 2670 604 2736 IX
625 2669 676 2734 XI
702 2670 784 2735 XIV
815 2669 937 2734 XVIII
966 2669 1069 2735 XXII
1099 2668 1224 2734 XXIII

131 2778 259 2862 XXIV,
282 2778 381 2843 vicies
404 2779 546 2864 denique
569 2801 686 2845 scaena
708 2780 908 2845 describitur
938 2781 971 2845 in
994 2779 1029 2844 II
1052 2779 1104 2844 III
1126 2778 1155 2840 V
1177 2778 1228 2843 VI

132 2885 202 2949 VII
221 2885 308 2951 VIII
327 2887 376 2951 IX
400 2887 432 2951 X
456 2887 506 2953 XI
530 2889 600 2954 XII
623 2888 713 2955 XIII
735 2887 817 2953 XIV
839 2888 923 2954 XVI
943 2889 1044 2954 XVII
1060 2889 1144 2954 XIX
1162 2888 1228 2953 XX

131 2993 217 3059 XXI
237 2994 340 3060 XXII
360 2996 477 3062 XXIV
500 2997 609 3063 XXV.
654 3020 751 3062 unam
774 3007 912 3083 partem,
944 3020 1039 3082 quam
1069 2998 1169 3063 fuisso
1191 2999 1225 3062 in

131 3103 332 3186 argumentis
358 3105 610 3189 Aristoplraneis
640 3105 809 3190 probabile
837 3115 896 3189 est,
927 3105 1070 3170 indicem
1103 3107 1230 3172 scilicet

39 3256 42 3261 -
133 3233 347 3297 personarum
359 3216 404 3296 ³⁵,
427 3213 534 3279 sciens
567 3213 671 3296 omisi,
699 3236 773 3278 cum
802 3213 882 3278 nihil
911 3214 952 3278 ad
982 3237 1051 3279 rem
1084 3227 1226 3282 nostram

131 3321 265 3386 faceret.

132 3464 188 3482 4--
193 3478 231 3484 ..-.
238 3480 262 3485 --

131 3569 192 3618 tum
207 3564 284 3620 fota
303 3563 421 3617 latinum
440 3568 636 3634 argumentum
655 3563 684 3616 in
703 3563 820 3618 adversa
837 3562 934 3617 folii4
956 3562 1060 3632 pagina
1082 3579 1228 3632 argumen-

131 3663 191 3712 tum
210 3665 239 3714 et
257 3660 341 3714 index
358 3677 540 3729 personarum
560 3677 616 3713 uua
633 3677 697 3712 cum
719 3677 821 3714 novem
845 3660 943 3729 primis
970 3659 1082 3713 fabulae
1100 3658 1228 3711 versibus

130 3757 264 3827 leguntur
282 3756 311 3809 in
329 3757 452 3810 editione
469 3755 640 3820 Victoriana,
666 3756 706 3810 ita
733 3760 764 3810 ut
783 3756 954 3811 credendum
973 3755 1018 3822 sit,
1047 3757 1082 3809 ab
1108 3755 1160 3808 hac
1181 3772 1228 3824 pa·

133 3853 197 3922 gina
218 3853 344 3908 exhiberi
362 3854 449 3907 verba
467 3853 579 3908 codicis.
597 3853 627 3906 id
650 3872 760 3923 quoque
778 3872 877 3923 parum
896 3853 1043 3925 probabile
1063 3858 1113 3916 est,
1134 3852 1229 3906 Victo·

132 3949 203 4002 rium
221 3949 250 4002 in
268 3948 441 4003 conficiendo
460 3967 643 4018 personarum
661 3951 752 4006 indice
771 3951 1020 4020 Clytaemnestram
1039 3949 1174 4004 omisisse.
1268 3986 1270 3990 »

231 4047 266 4099 35
291 4044 336 4098 Sic
360 4045 390 4098 in
406 4050 572 4116 argumento
594 4045 660 4102 Eur.
679 4046 784 4102 Eleotr.
804 4050 890 4102 verba
908 4049 1058 4118 προλογίζει
1085 4045 1117 4098 δὲ
1138 4043 1153 4098 ὁ
1179 4041 1228 4097 αὐ-

132 4136 245 4212 τουργός
262 4158 442 4210 personarum
463 4141 549 4196 indici
568 4142 678 4196 demum
697 4143 823 4198 subiecta
841 4145 913 4196 sunt.
934 4143 1048 4196 eandem
1068 4140 1162 4196 sedem
1180 4141 1227 4194 ob·

132 4235 225 4290 tinent
250 4236 279 4289 in
307 4253 367 4305 arg.
391 4236 472 4290 Herc.
495 4236 548 4290 fur.
574 4237 661 4290 verba
689 4240 839 4307 προλογίζει
874 4237 905 4290 dl
933 4235 948 4290 ὁ
971 4229 1151 4308 Ἀμφιτρύων.
1189 4234 1224 4291 cf.

133 4330 218 4384 etiam
238 4332 434 4403 argumentum
453 4329 591 4400 Ocypodis
610 4330 735 4389 Lusitani.
755 4331 831 4400 quod
848 4331 921 4384 infra
939 4330 1028 4385 attuli.
