3000 5176
816 319 857 385 42

290 505 390 569 ueluti
404 506 474 574 OC.
488 506 529 572 92
550 506 646 592 κέρδη
670 505 729 590 μέν
746 500 936 592 οἰκήσαντας
961 505 978 571 ό
1000 503 1142 592 ποιητης
1164 500 1386 591 χαριζόμε-

291 637 360 691 νος
378 618 450 692 τοῖς
467 606 651 701 Ἀθηναίοις
673 617 770 680 τοῦτο
794 614 902 703 φησίν.
925 608 1061 681 ἐδόκουν
1079 610 1142 700 γαρ
1154 609 1230 681 τότε
1243 613 1386 680 Βοιωτοὶ

290 721 343 787 καὶ
363 716 538 809 Ἀθηναῖοι
559 719 645 808 πρός
665 716 826 810 ἀλλήλους
840 723 1069 812 διαφέρεσθαι.
1092 725 1188 813 plura
1203 723 1278 789 vide
1291 722 1385 788 infra.

390 833 627 920 Aristophanes
651 834 745 899 etiam
758 833 791 897 in
805 835 955 901 notandis
972 834 1085 900 ebori
1102 833 1289 922 personis
1311 857 1387 899 nor·

291 965 375 1006 mam
387 941 517 1008 videtur
533 944 784 1031 praescripsisse
804 943 997 1027 scholiastis,
1021 967 1084 1030 qua
1106 943 1148 1009 de
1164 943 1214 1009 his
1232 944 1384 1007 observa·

290 1053 395 1118 tiones
409 1052 627 1119 instituerent.
652 1063 787 1141 apparet
800 1054 886 1118 enim
900 1064 966 1117 tam
987 1062 1140 1118 constans
1166 1053 1247 1117 baec
1258 1075 1295 1116 ac
1309 1053 1386 1134 fixa,

291 1160 403 1227 ubiubi
428 1161 627 1228 scholiorum
652 1162 693 1226 de
722 1163 810 1228 chori
835 1162 983 1250 personis
1007 1187 1025 1226 a
1047 1171 1144 1249 pocta
1165 1159 1317 1226 adhibitis
1341 1159 1386 1224 di·

291 1279 449 1359 sputatur,
472 1282 508 1341 ut
530 1272 569 1337 ab
590 1294 656 1336 uno
679 1271 862 1357 eodemque
884 1282 1016 1337 auctore
1040 1293 1153 1336 omnes
1175 1270 1252 1336 istas
1274 1270 1388 1335 obser-

290 1380 438 1445 vationes
459 1380 613 1447 oriundas
636 1403 708 1447 esse
730 1403 795 1447 non
815 1383 921 1469 possis
947 1405 1012 1448 non
1034 1404 1181 1448 censere.
1205 1382 1267 1446 tria
1289 1380 1387 1467 potis·

290 1488 407 1552 simum
430 1497 515 1570 sunt,
547 1510 628 1576 quac
650 1513 668 1552 a
691 1491 841 1577 perfecto
864 1491 963 1555 choro
987 1491 1201 1578 postulantur.
1245 1489 1386 1575 primum

292 1597 384 1662 chori
415 1619 587 1684 personae,
621 1599 742 1686 quippe
776 1621 859 1685 quae
896 1621 1025 1687 semper
1047 1621 1122 1664 eum
1144 1607 1304 1681 tueantur,
1331 1598 1387 1683 qui

291 1706 410 1773 iustum
446 1729 480 1774 sc
514 1719 658 1796 praestet
689 1708 856 1774 hominem
886 1701 954 1791 (σίεί
987 1705 1005 1773 ό
1037 1703 1136 1791 χορός
1167 1701 1389 1793 παρρησιαζό-

289 1839 388 1898 μενος
409 1820 468 1881 τοῦ
487 1816 614 1883 δικαίου
639 1817 860 1902 recoloratur),
886 1818 930 1882 ita
961 1816 1083 1882 debent
1105 1839 1177 1882 esse
1198 1817 1332 1890 electae,
1354 1824 1389 1880 ut

292 1925 394 1991 libere
425 1927 618 1993 sententiam
648 1950 738 1991 stram
769 1927 914 2013 profiteri
948 1926 1075 2013 possint
1106 1926 1171 2010 (δεῖ
1202 1921 1261 1991 τόν
1290 1920 1389 2008 χορόν

292 2031 598 2122 παρρησιάζεσθαι).
622 2046 690 2100 tum
713 2036 832 2102 chorus
847 2037 977 2100 vinculo
995 2035 1134 2121 quodam
1153 2034 1222 2101 sivo
1244 2057 1387 2100 commu-

293 2146 344 2211 nis
369 2145 494 2232 patriae
514 2145 583 2210 sive
606 2144 858 2211 necessitudinis
890 2167 963 2209 curn
985 2143 1140 2232 primaria
1163 2144 1293 2208 fabulae
1316 2166 1388 2231 per·

294 2277 373 2321 sona
395 2255 586 2321 coniunctus
610 2278 681 2321 csse
704 2255 812 2337 debet,
833 2255 877 2319 ita
898 2265 934 2318 ut
954 2253 1092 2320 miseriis
1116 2254 1184 2318 cius
1207 2252 1388 2318 doloribus·

296 2386 358 2451 que
383 2376 414 2429 et
436 2365 505 2451 ipse
527 2365 693 2450 affligatur
707 2367 910 2448 (συμπαθεῖς
932 2361 1017 2446 ἔχειν
1041 2363 1093 2429 δεῖ
1113 2358 1171 2428 τόν
1190 2357 1312 2447 χορόν).
1335 2362 1390 2426 de·

295 2475 394 2560 nique
429 2475 575 2542 modeste
606 2475 727 2562 ubique
761 2475 860 2540 debet
889 2473 978 2560 loqui
1012 2473 1143 2556 chorus,
1173 2494 1280 2558 neque
1307 2473 1390 2537 fines

294 2584 408 2667 egredi
424 2582 654 2665 verecundiae,
675 2605 758 2671 quac
782 2605 862 2668 erga
884 2583 1061 2649 nobiliores
1083 2581 1213 2647 fabulae
1234 2603 1390 2669 personas

293 2692 324 2757 ei
346 2693 504 2759 servanda
523 2693 563 2757 sit
584 2688 783 2779 (αἰδημόνως
803 2692 856 2758 δεῖ
874 2693 984 2759 λαλεῖν
996 2689 1055 2758 τόν
1075 2687 1203 2776 χορόν).
1227 2691 1311 2762 Ιιεευ,
1331 2690 1392 2754 tria

295 2803 456 2890 postulata
482 2802 579 2868 modo
613 2802 785 2867 coniuncta
815 2803 849 2866 in
879 2800 1014 2868 scholiis
1044 2800 1265 2879 inveniuntur,
1297 2799 1392 2865 modo

295 2935 395 2978 unum
418 2936 460 2978 cx
483 2912 522 2978 iis
544 2914 735 2978 alterumve.
766 2912 883 2998 quodsi
907 2913 971 2976 iam
996 2922 1149 2979 constans
1173 2913 1253 2977 haec
1279 2933 1392 2976 norma

296 3020 417 3110 optime
441 3023 673 3112 Aristophanis
695 3023 891 3089 observandi
919 3022 1038 3088 rationi
1068 3022 1256 3110 respondet,
1287 3019 1391 3087 omnis

296 3132 464 3214 dubitatio,
496 3135 573 3219 quin
600 3144 695 3201 notae
726 3135 788 3201 hae
810 3131 1062 3222 Aristophaneis
1087 3131 1271 3220 praeceptis
1294 3129 1392 3216 origi-

294 3264 369 3307 nem
392 3241 543 3328 debcant,
567 3265 605 3308 co
638 3243 776 3326 tollitur,
801 3244 888 3330 quod
913 3244 945 3307 in
969 3242 1074 3307 tribus
1096 3239 1300 3326 argumentis
1323 3238 1393 3304 eius

297 3354 444 3439 quamvis
465 3353 587 3420 mutilis
610 3364 642 3418 ct
663 3353 840 3419 decurtatis
864 3354 960 3418 unius
982 3361 1072 3416 certe
1094 3373 1136 3415 ex
1160 3350 1225 3415 illis
1248 3349 1392 3436 postula·

296 3461 337 3527 tis
358 3462 497 3545 vestigia
516 3473 687 3550 apparent,
709 3462 845 3528 secundi
868 3461 1003 3542 scilicet,
1037 3460 1069 3524 in
1093 3482 1164 3546 arg.
1188 3460 1271 3525 Hoc.
1295 3453 1313 3524 ό
1338 3483 1394 3539 χο·

296 3567 355 3655 ρός
374 3570 566 3658 συνέστηκεν
590 3571 625 3637 ἐκ
646 3575 804 3657 γυναικοῖν
823 3568 1070 3655 αἰχμαλωτίδων
1096 3563 1269 3656 Τρῳάδων,
1297 3589 1394 3650 συμ-

296 3684 588 3767 παθησουσιῦν
613 3683 653 3770 τῇ
672 3675 808 3769 Ἑκάβῃ,
846 3681 920 3747 Alo.
943 3677 1117 3764 συνέστηκε
1139 3676 1175 3743 δέ
1196 3672 1213 3742 ό
1235 3675 1333 3761 χορός
1356 3673 1393 3742 έκ

295 3814 393 3855 τινων
415 3793 610 3872 πρεσβυτῶν
632 3788 803 3872 ἐντοπίων,
836 3783 872 3854 οἳ
894 3787 948 3853 καί
971 3785 1205 3873 παραγίνονται
1226 3809 1395 3868 συμπα-

298 3896 508 3988 δησοντες
527 3906 600 3978 ταῖς
622 3892 833 3985 Ἀλκήστιδσς
853 3902 1101 3986 συμφοραῖς,
1128 3890 1216 3963 Ormi
1239 3895 1275 3961 δὲ
1296 3893 1395 3979 χορός

297 4009 489 4096 συνέστηκεν
510 4009 545 4075 ἐκ
568 4012 726 4095 γυναικοῖν
744 4002 900 4094 Ἀργείων
920 4003 1135 4095 ἡλικιωτίδων
1156 3998 1341 4089 Ἠλέκτρας,
1360 3997 1399 4068 αἳ

298 4120 351 4186 καὶ
375 4118 607 4205 παραγίνονται
625 4116 709 4204 ὑπὲρ
730 4123 789 4206 τῆς
798 4121 857 4184 τοῦ
868 4109 1016 4203 Ὀρέστου
1032 4110 1282 4198 πυνθανόμεναι
1302 4138 1394 4198 συμ-

298 4233 408 4318 ιμοροῖ
418 4255 444 4308 ς.
468 4228 630 4294 interdum
656 4229 709 4294 vel
732 4228 845 4294 eadem
857 4228 956 4293 verba
978 4225 1188 4313 reperiuntur
1205 4223 1238 4289 in
1251 4223 1394 4308 scholiis,

299 4362 381 4426 quac
403 4361 466 4426 ego
488 4341 533 4405 ita
554 4340 715 4426 recensui,
736 4351 773 4405 ut
793 4341 899 4430 primo
923 4341 997 4406 loco
1020 4362 1179 4429 ponerem
1202 4362 1251 4425 ea,
1273 4339 1329 4408 ubi
1352 4340 1394 4406 dc
