3000 5176
648 343 704 407 101

127 527 167 612 τῇ
188 516 371 610 α’παγγελίᾳ
391 526 450 588 τοῦ
470 517 618 589 θανάτου
637 522 770 606 κομίσαι
791 518 833 588 τοί
856 523 1007 609 λείψανα,
1028 527 1082 590 ἳνα
1096 516 1228 609 εόλογος

126 630 294 721 πρόφασις
316 636 373 720 τῆς
393 628 542 717 παρόδου
566 633 693 717 γένηται
718 636 765 718 τῷ
787 625 916 722 Ὀρέστγγ
946 634 999 699 καί
1027 629 1179 719 παραντὰ
1207 629 1226 700 ὁ

127 734 371 828 οίναγνιορισμδς
391 737 476 827 πρός
500 732 637 827 αόξησιν
659 745 719 806 τοῦ
742 737 884 821 πόθοος.
951 748 953 753 ’

210 853 334 917 Phoen.
357 852 397 917 88
420 839 456 917 εὖ
480 845 635 938 διῴκηται
657 847 677 937 ἡ
700 855 759 937 τῆς
778 844 962 938 Ἀντιγόνης
986 848 1109 934 έξοδος.

212 1223 267 1288 Ai.
291 1222 350 1286 719
382 1211 497 1305 όίνδρες
519 1220 628 1309 φίλοις
662 1211 794 1306 ίίγγελος
822 1216 892 1306 ἥκει
914 1212 982 1285 uiuri
1002 1223 1062 1284 τοῦ
1084 1223 1228 1301 στρατοῦ
1241 1228 1256 1279 5

124 1330 288 1416 σίγγέλλιον
321 1326 380 1417 την
412 1330 596 1416 παρουσίαν
625 1333 684 1394 τοῦ
721 1325 874 1413 Τεόκρον.
919 1327 1095 1415 θασμαστη
1129 1327 1165 1394 δὲ
1203 1322 1222 1414 ἡ

127 1436 257 1518 εἴσοδος
277 1435 394 1505 τοότοο
419 1443 482 1505 τοῦ
505 1433 647 1524 οίγγέλοο.
679 1443 742 1504 τοῦ
763 1434 913 1516 Αἴαντος
935 1435 999 1520 ἔξω
1020 1433 1135 1503 ἑαυτὸν
1157 1438 1227 1503 δια-

126 1547 335 1633 χειροομένοο
359 1541 417 1614 οόκ
439 1539 527 1629 εἶχον
550 1543 582 1613 ολ
604 1538 672 1613 οίπδ
692 1551 756 1613 τοῦ
776 1550 876 1631 χοροῦ
900 1536 978 1612 οἷίτε
1005 1542 1025 1633 ἦ
1055 1546 1227 1632 Τέκμησσα

126 1661 243 1742 γνῶναι
265 1652 303 1721 τδ
327 1655 487 1741 πραχθέν.
510 1660 664 1734 πιθανῶς
686 1643 744 1722 οὖν
766 1652 783 1721 ὁ
805 1646 1228 1742 όίγγελοςοίπαγγείλαςπα-

128 1761 315 1851 ρασκεοοίζει
337 1757 463 1844 αδτοδς
484 1764 599 1848 ἐξιέναι
621 1761 702 1830 κατὰ
725 1760 863 1853 ζήτησιν.
887 1765 941 1830 καί
966 1761 1071 1843 οίίτιος
1093 1758 1227 1831 ε’πιτεύ-
1242 1775 1275 1826 10

129 1878 239 1959 ξονται
260 1880 307 1964 τῷ
329 1871 491 1959 πτώματι·
512 1876 627 1957 δεξιῶς
649 1875 684 1941 δέ
707 1877 760 1941 καί
781 1871 819 1942 τό
838 1871 896 1941 τόν
907 1871 1080 1957 Κάλχαντα
1092 1879 1227 1959 μαθεῖν,

127 1985 250 2053 οἰκεῖον
272 1984 334 2071 γοίρ
356 1988 403 2072 τῷ
423 1978 553 2069 μοίντει·
575 1985 682 2062 καλῶς
703 1985 739 2050 δὲ
760 1985 813 2050 καὶ
835 1983 875 2050 τὰ
896 1989 954 2064 τίς
976 1989 1093 2072 σκηνῆς
1116 1980 1227 2051 έσκεό-

125 2119 231 2162 ασται.
255 2089 405 2173 Αἴαντος
424 2091 483 2180 γὰρ
506 2090 744 2173 καταλιπόντος
766 2094 938 2182 προῆλθεν
961 2085 1133 2181 όίίγγελος·
1155 2087 1227 2160 εἶτα

127 2208 190 2270 τοῦ
214 2208 314 2288 χοροῦ
336 2199 395 2290 την
417 2201 535 2291 σκηνὴν
557 2199 711 2282 ἐάσαντας
732 2200 786 2270 διὰ
815 2200 876 2289 τήν
903 2199 1032 2290 ζήτησιν
1061 2200 1180 2286 έξεισιν
1207 2198 1225 2269 ὁ

128 2308 220 2391 Αἴας
238 2312 294 2378 έπί
314 2310 373 2400 τὴν
387 2314 520 2397 πρᾶξιν,
534 2316 581 2399 τῷ
600 2311 636 2379 δέ
650 2316 757 2402 θεατῇ
769 2304 864 2379 οόδὲν
874 2306 973 2398 οίργδν
988 2313 1225 2397 περιλείπεται,
1241 2318 1273 2370 15

131 2421 386 2509 πεποικιλμένης
407 2416 577 2510 διαφόρως
594 2425 652 2509 τῆς
671 2422 704 2488 έν
727 2426 767 2513 τῇ
788 2426 888 2512 σκηνῇ
909 2421 1197 2507 προσωποποιίας.

200 2641 233 2692 14
256 2639 293 2694 ib.
312 2641 363 2693 813
381 2637 596 2710 μετακινεῖταιὴ
619 2637 704 2707 σκηνὴ
722 2640 770 2693 τοῦ
788 2641 875 2711 χοροῦ
893 2635 1063 2700 ἐξελθόντος·
1088 2635 1225 2711 ἀναγκαία

129 2735 160 2789 δὲ
179 2733 194 2803 ἡ
214 2736 314 2801 ἔξοδος,
334 2740 378 2789 ἵνα
397 2731 458 2808 εἵιρη
478 2733 606 2806 καιρὸνὸ
626 2742 698 2795 Αἴας
714 2731 905 2808 χειρώσασθαι
923 2730 1027 2792 ἑαυτόν.
1059 2736 1131 2790 hanc
1150 2753 1224 2790 seae-

127 2850 192 2886 nam
209 2832 324 2901 respicit
345 2832 496 2887 scholiasta
526 2833 562 2886 ad
577 2832 645 2888 Eur.
663 2833 723 2887 Alc.
744 2835 796 2887 897
814 2838 842 2886 τί
857 2831 889 2904 μ’
908 2827 1058 2892 insiluere:
1083 2830 1153 2904 πρὸς
1175 2831 1224 2887 τὸν

125 2923 215 3000 χορόν
233 2945 326 3001 φησιν.
344 2921 379 2995 ἦν
396 2926 450 2998 γὰρ
468 2928 484 2983 ὁ
501 2926 585 3000 χορὸς
600 2930 661 3001 μετ’
679 2926 769 2984 αὐτοῦ.
789 2924 901 2984 δύναται
917 2926 971 3001 γὰρ
987 2927 1002 2983 ὁ
1018 2926 1104 3000 χορὸς
1121 2930 1222 2990 ἐξίστα-

128 3032 195 3078 σθαι
213 3025 260 3090 τῆς
277 3026 384 3093 σκηνῆς,
403 3023 440 3084 ὠς
455 3029 500 3079 καὶ
519 3027 549 3080 ἰν
569 3031 668 3080 Αἴαντι
686 3021 896 3098 μαστιγοφόρῳ.
916 3025 945 3079 in
964 3026 1016 3080 hac
1031 3025 1133 3090 fabula,
1153 3043 1224 3094 quae

127 3123 189 3175 tota
213 3123 355 3175 structura
381 3126 410 3175 et
435 3138 621 3191 personarum
644 3122 737 3175 indole
756 3112 917 3190 a'satyrica
940 3139 997 3176 non
1019 3122 1102 3191 longe
1128 3121 1223 3186 distat,

128 3217 229 3272 chorus
253 3218 288 3273 ab
308 3218 428 3272 Admeto
455 3218 614 3273 admonitus
636 3236 764 3280 scaenam
788 3219 823 3272 ad
848 3218 1034 3288 sepeliendam
1052 3218 1224 3272 Alcestidem

126 3313 261 3381 relinquit
272 3331 336 3367 cum
346 3315 503 3383 anapaestis
514 3333 539 3369 v.
552 3317 603 3368 741
619 3332 678 3383 sqq.
697 3314 847 3368 Herculem
865 3315 940 3368 inter
960 3318 988 3368 et
1009 3331 1120 3368 servum
1132 3314 1222 3368 diver-

126 3412 205 3466 bium
219 3413 261 3466 ita
275 3419 466 3482 comparatum
483 3418 534 3479 est,
554 3418 586 3468 ut
603 3415 683 3468 chori
701 3415 888 3483 praesentiam
898 3414 1037 3481 excludat,
1056 3413 1129 3468 sicut
1139 3415 1223 3468 etiam

128 3509 224 3562 statim
243 3513 307 3578 post
326 3510 400 3564 servi
419 3528 576 3565 sermonem
597 3511 681 3565 nullis
699 3511 854 3566 interiectis
875 3512 952 3566 chori
973 3511 1098 3566 versibus
1117 3511 1223 3564 Hercu·

127 3605 166 3658 les
186 3621 296 3658 servum
316 3606 451 3675 increpat.
471 3606 499 3660 in
520 3624 648 3661 scaenam
666 3607 785 3662 revertit
797 3606 898 3660 chorus
909 3626 934 3663 v.
945 3608 997 3661 872
1020 3601 1112 3677 πρόβα
1122 3601 1222 3676 πρόβα·

127 3701 193 3768 βᾶθι
211 3701 310 3761 κεῦθος
327 3707 418 3755 οἴκων.
436 3700 610 3755 rarissimum
628 3720 688 3756 esse
706 3702 735 3756 in
754 3703 918 3773 tragoediis,
937 3701 1053 3757 chorum
1072 3701 1107 3756 de
1128 3702 1224 3756 orche-

126 3802 185 3849 stra
203 3796 347 3865 decedere,
366 3798 410 3851 vel
427 3814 544 3866 prorsus
564 3792 669 3852 ίίτοπον
687 3799 717 3850 in
735 3798 832 3852 eadem
850 3799 934 3853 Aiace
954 3804 1049 3853 monet
1073 3799 1224 3853 scholiasta

127 3892 162 3946 ad
173 3910 197 3948 V.
208 3896 261 3948 330
277 3893 294 3961 ἡ
312 3886 361 3947 οὖν
382 3898 542 3966 Τέκμησσα,
564 3889 610 3948 ἅτε
628 3892 661 3962 δὴ
680 3892 748 3964 γυνὴ
767 3886 835 3948 οὖσα
853 3900 899 3948 καὶ
918 3890 1092 3967 αἰχμάλωτος
1110 3891 1162 3966 οὐχ
1179 3900 1223 3949 οἵα

126 4007 155 4043 τε
172 3985 255 4044 αὐτὸν
272 3997 509 4063 παραμυθεῖσθαι.
528 3987 595 4044 ἀλλὰ
614 3989 664 4045 τὸν
678 3989 767 4062 χορὸν
785 3996 968 4063 προτρέπεται
984 3994 1106 4045 ercitum·
1127 3989 1223 4059 ἔπειδίγ

127 4086 159 4139 δὲ
176 4080 282 4140 ίίτοπον
298 4084 347 4140 τὸν
362 4083 451 4157 χορὸν
468 4083 617 4141 ἀπολιπεῖν
639 4084 689 4153 τόν
708 4084 811 4154 σκηνὴν
834 4083 940 4158 ἀναβοᾷ
965 4087 1082 4142 ἔνδοθεν
1105 4085 1120 4141 ὁ
1143 4093 1223 4153 Αἴας,

126 4185 171 4236 ἵνα
190 4185 261 4254 μένη
279 4183 326 4235 ἐπὶ
341 4176 435 4254 χώρας
454 4182 469 4236 ὁ
487 4178 580 4253 χορός.
599 4185 677 4236 τοῦτο
695 4180 748 4254 γὰρ
766 4179 865 4237 ἐπόθει
884 4181 899 4238 ὁ
919 4177 1025 4250 θεατής,
1064 4184 1113 4240 cfr.
1136 4185 1221 4239 schol.

127 4278 208 4333 Eum.
228 4282 264 4333 33
282 4283 346 4350 παρ’
366 4275 461 4349 ὀλίγον
481 4280 583 4352 ἕρημος
602 4278 618 4346 ἦ
638 4276 723 4347 σκηνὴ
741 4285 853 4351 γίνεται.
889 4274 949 4334 odra
967 4278 1021 4351 γὰρ
1041 4278 1055 4334 ὁ
1073 4275 1161 4351 χορός
1178 4301 1223 4335 πω

127 4371 266 4447 πάρεστιν,
288 4371 301 4443 ἦ
319 4395 346 4430 τε
364 4380 449 4447 ἱέρεια
468 4379 596 4444 εἰσῆλθεν
614 4381 649 4438 εἰς
668 4375 717 4433 τὸν
738 4373 811 4432 ναόν.
