3000 5176
765 305 825 370 120

328 493 371 557 ib.
394 494 455 558 507
487 495 576 558 τοῦτ’
601 479 662 557 οὖν
685 491 721 557 τὸ
741 486 895 576 χρηστὸνι
923 482 1095 575 ἀλο’γιστος
1117 487 1135 555 ὁ
1159 481 1342 575 Ἐτεοκλῆς·

242 599 316 686 ε’ξὸν
336 599 395 689 γὰρ
417 595 509 689 αὐτῷ
529 606 576 690 τηῖ
599 606 657 669 τοῦ
679 599 904 686 πρεσβυτέρου
925 594 1115 687 χρήσασθαι
1137 593 1344 682 δικαιώματι,

242 698 269 799 ᾦ
289 713 414 795 μᾶλλον
436 712 613 794 ἐπέβαλλεν
634 707 653 798 ἡ
676 703 773 797 ἀρχη,
804 703 927 776 ἀδικεῖν
960 705 1116 794 ὁμολογεῖ
1143 708 1197 774 καὶ
1225 702 1343 774 ἑαυτὸν

241 821 437 907 πλεονέκτην
451 821 542 909 φησί.
575 817 660 905 πρὸς
683 812 702 885 ὃ
723 819 848 905 ρητέον,
870 815 922 885 δτι
937 819 1072 905 μίμησιν
1088 811 1209 904 ἀνδρὸς
1224 809 1340 884 ἀδίκου

210 931 425 1014 ὄὲξεικονίζει
448 930 523 1019 ἡμῖν
546 927 564 994 ὁ
586 922 769 1015 Εὐριπίδης
789 929 871 1015 μηδὲ
893 932 939 1015 τηῖ
961 929 1070 994 δοκεῖν
1093 920 1244 1011 εὐσεβεῖν
1264 932 1341 1011 βοο-

161 1042 165 1051 ’
241 1039 388 1124 λομένου.
412 1031 521 1118 ἀλλως
541 1064 588 1124 τε,
611 1037 640 1105 εἰ
658 1036 801 1127 ἔφασκεν
821 1029 930 1121 ἀρχειν
950 1033 997 1116 ολς
1018 1033 1250 1123 πρεσβύτερος,
1267 1029 1341 1124 ἧκο-

241 1145 358 1215 λοέθει
374 1154 421 1236 τηῖ
446 1145 531 1236 λόγῳ
553 1145 591 1214 τι)
615 1151 681 1213 τῶν
703 1143 873 1234 κτημάτων
894 1147 995 1232 μέρος
1013 1148 1082 1213 δεῖν
1104 1139 1291 1231 ἀπονέμειν.

328 1258 379 1324 Αἰ.
394 1259 454 1324 829
477 1258 530 1323 καὶ
551 1256 595 1345 μὴ
617 1253 703 1343 πρὸς
722 1256 852 1342 έχθριδν
871 1282 946 1321 τους
970 1254 1215 1342 καταγέλαστος,
1230 1255 1342 1344 φασὶν,

244 1361 261 1429 ὁ
284 1362 388 1449 Αἴας,
409 1367 455 1453 μη
478 1370 545 1432 τοῖν
565 1370 669 1432 κυνῶν
693 1361 714 1452 ἢ
733 1369 800 1430 τιῦν
820 1363 946 1431 οἰωνῶν
968 1362 1029 1451 την
1049 1362 1156 1431 αἰκίαν
1178 1360 1343 1431 ὑποστελ-

195 1487 228 1538 10
243 1469 387 1558 λόμενος,
421 1472 501 1540 ἀλλά
534 1471 595 1561 την
629 1474 712 1540 θέαν
743 1477 809 1538 τοῖν
838 1469 1012 1559 Ἑλλήνων·
1046 1472 1160 1559 ρητέον
1194 1460 1261 1554 οὖν,
1293 1467 1344 1537 ὅτι

244 1581 365 1668 ι’δίωμα
386 1588 452 1649 τῶν
474 1576 666 1669 ἀνθρώπιον
688 1580 726 1649 τὸ
750 1583 792 1667 μί
815 1579 997 1667 potinem
1019 1581 1096 1663 τούς
1118 1579 1259 1669 έχθρούς
1273 1583 1345 1649 ε’να-

242 1689 426 1778 γθράνεσθαι
449 1687 571 1775 αὐτοῖς,
594 1694 647 1760 καὶ
675 1689 792 1760 τούτου
816 1691 918 1779 μόνον
941 1687 1202 1760 ἀντιποιοῦνται.

328 1803 370 1868 ib.
396 1803 476 1868 1328
508 1798 675 1886 δαιμόνιος
709 1799 727 1890 η
761 1799 967 1890 ἐπιτηρησις·
1001 1796 1255 1890 ἠπίστατογὰρ
1291 1796 1344 1867 ὅτι

244 1905 366 1989 πάντες
397 1901 575 1997 ἀνθρωττοι
598 1907 684 1996 πρὸς
705 1908 743 1977 τό
774 1904 897 1999 ἀληθές
928 1904 1142 1997 ἀγανακτοῦσι
1171 1910 1224 1977 καί
1256 1908 1345 1975 ἀντι-

173 2044 182 2067 ¹
197 2033 230 2086 15
244 2019 400 2105 λέγουσιν.

331 2129 449 2194 Electr.
463 2130 523 2194 135
547 2129 619 2194 ἐᾶτέ
638 2131 670 2214 μ’
695 2115 751 2196 ὧδ’
767 2122 883 2209 ἀλύειν,
910 2127 988 2208 αἰαῖ,
1013 2125 1172 2213 ίκνοῖμαιι
1198 2130 1345 2194 τοιοῦτοι

245 2233 304 2323 γὰρ
329 2232 487 2315 πολλάκις
511 2232 541 2302 ολ
565 2237 598 2303 έν
620 2243 691 2316 τοῖς
716 2233 843 2304 πάθεσι
873 2233 1165 2324 παρηγορούμενσι,
1196 2260 1338 2320 παρακα-

245 2347 376 2423 λοῦντες
398 2350 640 2430 συγχωρεῖσθαι
663 2350 808 2432 θρηνεῖν.

154 2439 158 2445 ’
329 2455 383 2519 Ai.
408 2454 470 2517 940
493 2445 587 2519 ου’δέν
609 2453 637 2518 σ’
662 2446 809 2519 ἀπιστυῖε
846 2449 1006 2520 εἰώθασιν
1039 2453 1072 2520 έν
1105 2458 1177 2532 τοῖς
1210 2448 1342 2520 πάθεσι

199 2562 299 2626 20καὶ
320 2565 498 2646 συγχιορεῖν
524 2566 596 2638 τοῖς
624 2560 795 2645 ἀλγοῡσιν·
824 2560 918 2650 φέρει
947 2559 1006 2647 γάρ
1037 2565 1135 2626 τοῦτο
1167 2562 1222 2627 καὶ
1241 2556 1343 2644 κόρον

245 2673 303 2735 τοῦ
325 2673 451 2755 θρηνοῖ
475 2670 529 2733 καὶ
550 2670 773 2753 παραμυθίαν.

330 2777 451 2844 Electra
473 2779 535 2842 849
558 2777 683 2842 δειλαιά
703 2778 870 2843 δειλαίων;
894 2779 1063 2846 καὶτοῦτο
1086 2772 1175 2858 εἶδος
1194 2804 1343 2865 παραμει-

245 2885 325 2964 θίας
343 2882 381 2951 τό
406 2880 453 2964 εῖς
474 2911 506 2951 τι
528 2892 736 2971 παραχωρεῖν
758 2892 830 2965 τοῖς
852 2888 1070 2972 λυπουμένοις
1091 2890 1145 2955 καὶ
1165 2895 1345 2974 συγχωρεῖν

245 2987 362 3074 αὐτοῖς
383 2995 504 3060 κλαίειν
525 2990 571 3073 υλς
593 2994 649 3060 ἐπὶ
670 2986 937 3083 ἀπαρηγορήτσις
961 3002 1083 3076 κακοῖς.

198 3115 232 3166 25
332 3106 384 3169 Ai.
403 3105 465 3169 428
490 3099 507 3169 ὁ
529 3100 627 3190 χορός
657 3103 744 3170 ἐστιν
765 3101 782 3169 ὁ
804 3104 920 3191 λέγων·
945 3105 1093 3172 ἐνδίδωσι
1122 3102 1181 3192 γὰρ
1208 3109 1254 3194 τηῖ
1284 3102 1343 3171 κὰ-

245 3237 367 3296 μνοντι,
391 3209 475 3298 ὅπερ
498 3212 584 3279 ἐστίν
603 3205 692 3291 εἶδος
714 3214 938 3298 παραμυθίας·
960 3209 979 3300 ἡ
1002 3214 1038 3280 δὲ
1056 3213 1227 3301 Τέκμησσα
1241 3219 1340 3281 τοῦτο

248 3317 310 3388 ου’ν.
333 3323 450 3390 ε’ποίει.

338 3463 351 3511 1
371 3459 434 3513 vide
453 3477 478 3528 p.
489 3461 532 3512 66.
561 3458 682 3520 scholiis,
703 3457 964 3527 quibusEuripidee
984 3459 1168 3528 vituperatur,
1188 3460 1228 3513 ibi
1249 3459 1343 3514 nllutis

248 3554 375 3609 addenda
395 3558 460 3608 eunt
480 3553 782 3608 scholl.Troad.1049
802 3551 842 3625 μὴ
861 3555 922 3608 viv:
942 3559 987 3606 καὶ
1005 3556 1083 3608 τοῦτο
1099 3558 1215 3624 γέλοιον,
1236 3551 1342 3624 γελοιό-

248 3668 322 3719 τερος
339 3652 369 3704 δὲ
389 3649 403 3702 ὁ
423 3647 550 3720 ἀντερῶν.
571 3650 653 3704 Rhoe,
667 3652 715 3704 165
726 3655 835 3720 γε’λοιον
844 3648 875 3704 τὸ
890 3656 999 3704 οἴεσθαι
1016 3647 1057 3703 ὅτι
1076 3646 1341 3719 βασιλείαναλτήσει.

337 3750 352 3800 3
372 3743 478 3801 ἀδικεῖν
497 3744 630 3818 ὁμολογεῖ
647 3742 744 3800 ἑαυτὸν
765 3741 778 3812 ἢ
799 3750 970 3800 πλεονεκτεῖν
988 3763 1056 3819 φησι
1077 3746 1136 3800 eine
1156 3765 1237 3802 seusu
1259 3750 1340 3803 codd.

248 3845 359 3911 praeter
373 3843 400 3906 C,
421 3843 468 3910 qui
479 3846 643 3910 πλεονέκτην
654 3842 746 3897 habet.
767 3844 1048 3898 indeHeimsoethius
1067 3845 1158 3899 looum
1176 3845 1343 3900 emendavit.

319 3942 352 3992 25
372 3939 421 3994 ofr.
442 3939 656 4005 observationes,
677 3958 744 4009 quas
765 3959 790 4010 p.
808 3944 1030 4006 121‚12-123,6
1050 3943 1170 3997 exhibui.

371 4040 437 4105 post
456 4030 627 4107 miprorrrh
654 4037 740 4091 hebet
765 4037 890 4107 ineptam
917 4039 1130 4108 explicationem
1146 4043 1232 4112 χορῷ,
1258 4058 1342 4108 quem

248 4151 304 4187 uon
323 4136 366 4186 est
384 4149 434 4186 our
453 4149 516 4186 oum
535 4133 675 4188 Brunokio
695 4140 785 4189 mutes
805 4136 834 4188 in
851 4143 957 4190 Αἴαντι.
979 4153 1068 4205 neque
1085 4137 1273 4206 necessarium
1293 4144 1343 4205 est,

248 4229 323 4298 qued
342 4230 373 4283 G.
384 4228 512 4282 Woiffius
537 4232 686 4299 proposuit
711 4236 742 4287 dr
762 4237 853 4287 suleull.
877 4236 956 4287 Luur.
976 4251 1001 4301 p.
1022 4235 1073 4286 262
1100 4232 1114 4285 ὁ
1139 4232 1224 4304 χορὸς
1242 4236 1279 4303 τη]
1297 4231 1344 4286 κά-

246 4345 351 4402 μνσνιι.
368 4327 444 4398 χορῷ
464 4326 549 4381 etiam
567 4328 596 4382 in
615 4329 638 4383 V
659 4330 800 4384 omissum.
