3000 5176
791 320 812 384 8

253 499 399 590 Γλαίκην
420 504 473 571 καὶ
500 505 646 590 Κρέοντα
675 506 728 570 καὶ
754 500 835 584 τούς
862 500 967 584 ἰδίους
996 501 1097 585 ιδοδς,
1132 505 1298 590 ἐχωρίσθη
1320 505 1348 570 δ’

252 605 394 692 Ἰάσονος
419 612 520 701 Αἰγεῖ
541 612 789 703 συνοικήσουσα.

353 728 383 787 Β
422 725 498 808 παρ’
524 716 688 812 σδδετέρῳ
711 729 816 791 κεῖται
840 720 858 810 ἡ
881 726 1080 807 μυθοττοαά.

356 833 384 897 0
425 829 442 920 ή
464 832 524 916 μὲν
546 828 645 919 σκηνή
668 837 727 898 τοῦ
750 828 913 917 δράματος
936 828 1108 900 ὑπόκειται
1132 833 1166 898 έν
1180 834 1350 919 Κορίνθῳ,

254 938 331 1008 ὁδέ
359 937 457 1027 χορδς
485 941 677 1028 συνέστηκεν
704 941 739 1007 ἑκ
769 945 926 1027 γυναικῶν
948 942 1137 1008 πολιτίδων.
1163 941 1350 1029 τιρολοχίζει

253 1049 289 1116 δέ
310 1049 434 1138 τροφδς
456 1050 615 1137 Μηδείας.

357 1159 387 1224 D
429 1155 586 1246 ἐδιδάχθη
599 1159 656 1226 ἐπὶ
667 1155 881 1244 Πυθοδώρου
904 1150 1064 1244 άρχονιος
1080 1153 1283 1246 ὀλυμπιάδος
1294 1156 1348 1244 ιτζ

255 1265 322 1335 έτει
344 1264 477 1356 πρώτῳ.
500 1272 634 1354 ιτριῦτος
652 1263 841 1354 Εὐφορίων,
863 1264 1016 1353 δεάτερος
1037 1270 1218 1358 Σοφοκλῆς,
1234 1267 1352 1354 τρίτος

254 1372 433 1464 Είριτιίδης
452 1379 584 1466 Μηδείῳ
600 1374 782 1468 Φιλοκτήτῃ
794 1378 911 1446 Δίκτυϊ
923 1383 1100 1465 Θηρισταῖς
1121 1374 1283 1461 σατύροις.
1307 1371 1350 1444 ου>

255 1483 402 1570 σώζεται.
1329 1483 1332 1489 ’

354 1595 473 1660 desunt
500 1595 528 1659 Ε
534 1595 562 1659 F
565 1596 603 1661 G.

422 1705 472 1769 IV
496 1715 725 1790 argumentum
749 1705 951 1769 Baccharum
979 1703 1190 1791 Euripideae.

440 1806 698 1901 Ἀριστοφάνους
716 1816 937 1900 γραμματικοῦ
947 1817 971 1855 ¹⁰
993 1808 1167 1891 ὑπόθεσις.

355 1923 387 1986 Α
437 1917 595 2000 Διόνυσος
624 1913 855 2005 άιτοθεωθεὶς,
883 1920 929 2006 μή
959 1920 1160 2005 βουλομένου
1191 1920 1353 1999 Πενθέως

255 2027 296 2098 τά
318 2023 412 2118 δρχια
432 2024 536 2097 αάτοῦ
564 2023 809 2115 άναλαμβάνειν,
840 2029 888 2110 είς
911 2030 1028 2115 μανίαν
1055 2023 1182 2116 άχαγιδν
1209 2026 1267 2109 τάς
1295 2032 1353 2116 τῆς

254 2137 378 2226 μητρδς
398 2133 542 2228 άδελφὰς
563 2136 722 2229 ἠνάγκασε
744 2139 880 2206 Πενθέα
900 2141 1155 2226 διασπασθῆναι.

358 2251 388 2317 Β
430 2248 449 2338 ή
470 2252 660 2335 μυθοποιίσ
681 2255 787 2316 κεῖται
808 2250 862 2315 καὶ
881 2252 959 2333 παρ’
980 2243 1141 2335 Αἰσχύλῳ
1163 2248 1198 2315 έν
1212 2253 1351 2315 Πενθεῖ.

356 2361 475 2427 desunt
502 2359 671 2428 ODEFG.

406 2471 438 2533 V
462 2480 690 2557 argumentum
716 2469 968 2535 Phoenissarum
993 2467 1202 2555 Euripideum.

433 2571 690 2667 Ἀριστοφάνους
711 2581 937 2665 γραμματικοῦ
952 2582 975 2621 ¹¹
1003 2572 1179 2656 ὑπόθεσις.

361 2690 389 2755 G
431 2685 470 2755 τδ
494 2689 529 2755 δέ
551 2685 742 2779 κεφάλαιον]
766 2688 976 2775 ἐπιστρατεία
991 2693 1014 2732 ¹¹
1046 2692 1108 2754 τοῦ
1131 2687 1354 2765 Πολυνείκους

255 2796 339 2881 μετά
361 2802 427 2863 τῶν
447 2791 602 2884 Ἀργείων
623 2798 679 2864 ἐπὶ
705 2794 815 2886 Θήβας
847 2799 900 2864 καὶ
931 2780 1084 2864 άιτώλεια
1114 2801 1180 2863 τῶν
1201 2790 1354 2886 άδελφιῦν

257 2908 478 2987 Πολυνείκους
499 2908 553 2973 καί
574 2907 776 2987 Ἐτεοκλέους
796 2909 850 2974 καὶ
872 2903 1017 2986 θάνατος
1039 2900 1208 2994 Ἰοκάστης.

357 3015 388 3080 Β
429 3012 447 3081 ¹r‘
471 3016 661 3101 μυθοττοιία
688 3020 792 3081 κεῖται
820 3020 898 3101 παρ’
921 3010 1079 3102 Αἰσχύλῳ
1111 3015 1145 3081 ἐν
1163 3010 1266 3081 Ἑπτὰ
1295 3013 1353 3081 ἐστὶ

260 3119 372 3210 Θήβας
394 3121 482 3212 πλήν
507 3125 575 3192 ἐκεῖ
597 3128 654 3212 τῆς
676 3118 841 3212 Ἰοκάστης
862 3153 880 3188 τι
903 3153 922 3190 ιι
945 3153 964 3190 ιι
988 3151 1006 3187 ιι
1032 3129 1056 3167 ¹³

364 3289 397 3339 10
414 3285 522 3340 Nomen
542 3286 665 3338 testatur
684 3283 745 3338 uod.
765 3283 852 3339 Pam.

361 3385 392 3433 11
412 3381 519 3435 Nomen
538 3379 659 3436 servavit
677 3382 775 3435 Venet.
795 3383 855 3436 468.

360 3481 391 3529 12
411 3478 615 3547 Argumentum
633 3476 714 3530 initio
733 3475 891 3529 mutilatum
911 3475 1052 3544 supplevit
1071 3474 1258 3530 Kirchhoffius
1278 3475 1355 3529 addi-

258 3573 295 3627 tis
316 3573 410 3627 verbis
428 3571 443 3640 ἡ
461 3574 517 3645 μὲν
538 3568 671 3632 ὑπόθεσις
687 3575 735 3626 τοῦ
755 3569 901 3646 δράματος,
924 3589 994 3641 quae
1011 3572 1119 3642 recepit
1129 3571 1300 3626 Dindorfius.
1323 3569 1354 3626 τὸ

260 3670 291 3723 δὲ
311 3665 463 3741 κεφάλαιον
484 3688 536 3739 ego
555 3671 662 3740 scripsi.

359 3815 392 3866 13
419 3758 635 3880 Πλείτίοκάστης
653 3813 798 3866 vat.1345
816 3814 944 3878 πλείστης
964 3806 1091 3878 λοκάστης
1108 3810 1171 3865 vat.
1188 3813 1264 3866 1135.
1284 3809 1356 3878 πλήν

260 3911 306 3974 τῆς
321 3903 460 3974 Ἰοκάστης
476 3901 662 3964 Kirohhoffius
682 3906 804 3978 scripsit.
824 3907 893 3960 mihi
903 3908 1016 3977 gravius
1028 3907 1139 3963 videtur
1147 3907 1194 3962 hic
1208 3908 1286 3962 locus
1297 3925 1357 3962 esse

260 4054 410 4120 corruptus
429 4051 503 4104 etin
522 4052 624 4106 litteris
643 3997 849 4118 πλείτίοκάστης
866 4051 956 4105 latere
966 4050 1087 4104 formula
1096 4050 1281 4120 grammatico
1301 4048 1357 4102 usi·

260 4147 399 4201 tutissima
417 4149 489 4214 πλήν
507 4150 564 4202 ἐκεῖ
579 4149 625 4215 τῆς
639 4142 777 4214 Ἰοκάστης
793 4188 914 4210 ......
942 4164 1025 4215 quum
1043 4146 1173 4201 insimili
1191 4164 1221 4200 re
1239 4145 1357 4216 legimus

259 4242 287 4295 in
308 4242 531 4312 arg.IIBnii1v
550 4245 608 4298 ἐκεῖ
624 4250 788 4317 φωραθεῖσα
808 4284 814 4298 .
833 4284 839 4298 .
859 4284 865 4297 .
884 4285 890 4297 .
914 4243 990 4297 etin
1008 4261 1067 4312 urg.
1086 4241 1184 4295 XIIIB
1210 4239 1282 4309 πλήν
1300 4245 1359 4296 ἐκεῖ

260 4355 394 4409 εννουχος.
417 4378 423 4391 .
444 4377 450 4391 .
471 4378 477 4391 .
