3000 5176
816 328 874 390 114

376 514 489 598 Antig.
511 515 551 580 47
574 500 601 576 αἰ
623 512 754 593 σχετλιά
775 512 955 596 Κρέοντοςε
977 509 1008 578 αἰ
1032 505 1206 598 ἀντιλογίαι
1230 511 1324 597 δι’,λαί
1346 507 1388 576 εἰ·

290 645 350 690 σιν·
372 619 463 709 ήμὲν
475 618 534 708 γάρ
547 626 594 709 τῷ
608 617 843 707 προστάγματι,
867 619 886 709 ή
898 622 934 689 δὲ
946 626 985 711 ιβ
1001 618 1175 709 οἰκειότητι
1196 613 1388 687 οἰκολουθεῖ.

375 733 418 799 ib.
441 732 481 797 69
505 771 542 780 —-
566 727 734 816 δαιμόνιον
755 727 794 797 τδ
814 719 910 819 ήθος.

376 841 428 908 Αἰ.
451 841 515 905 360
538 832 720 924 πόιμένωνε
743 833 835 907 -ού
858 840 912 908 διά
929 837 987 928 τήν
1011 827 1109 928 ήτταν
1130 840 1167 908 δέ
1185 844 1252 906 τῶν
1273 834 1391 906 ὅπλων

261 946 409 1035 επικρδς
433 944 478 1014 ιίἰν
498 945 652 1032 βούλεται
676 943 896 1035 οἰναιρεῖσθαι,
927 943 1012 1017 σίλλὰ
1039 947 1077 1017 ιδ
1103 941 1231 1028 όνειδος
1256 942 1390 1038 ύφοριύ-Ι

289 1084 387 1143 μενος
408 1063 474 1124 τῶν
492 1060 666 1144 ποιμνίων.
708 1060 742 1126 ἐν
762 1056 870 1148 τούτῳ
892 1060 928 1128 δὲ
948 1057 987 1126 τό
1013 1049 1100 1150 ήθος
1121 1062 1174 1126 καί
1204 1056 1223 1148 ἡ
1251 1060 1391 1145 μεγαλο-

291 1164 439 1258 φροσύνη
462 1168 623 1235 δείκνυται
644 1174 703 1235 τοῦ
725 1167 886 1250 Αἴαντος.

374 1279 417 1344 ib.
443 1279 504 1344 818
528 1274 668 1361 μάλιστα
695 1280 910 1367 μισηθέντοςτ
939 1275 1157 1369 μεγαλόφρων
1184 1273 1315 1356 όΑἰας
1335 1278 1390 1344 καί

291 1389 403 1475 μέχρις
424 1384 559 1477 ε’σχάτης
584 1386 703 1475 δίραςγ
691 1396 796 1474 μισῶν
817 1388 895 1471 τοίς
915 1387 1112 1477 βαρβάροις.

245 1511 278 1561 10
374 1500 483 1566 Prom
507 1501 566 1563 177
590 1505 688 1602 τοῦτο
711 1505 769 1587 της
788 1494 1198 1588 μεγαλοφιίαςΑἰσχύλου
1225 1499 1279 1564 καί
1299 1504 1388 1581 Προ

291 1607 428 1694 μηθέως
448 1599 540 1691 άξιον
562 1608 601 1675 τό
623 1608 707 1693 μετά
727 1635 785 1697 την
808 1605 899 1674 λύσιν
920 1605 1038 1687 ποινάς
1059 1606 1161 1675 αἰτεῖν
1182 1603 1240 1673 τόν
1261 1608 1333 1673 Δία.

376 1719 461 1784 Ηεο.
484 1715 587 1784 342(
568 1723 638 1802 οριδ
661 1723 690 1786 σ’
714 1712 881 1786 Ὀδισσεύε
906 1717 1050 1783 ἰυταδθα
1072 1713 1270 1806 ἐφύλαξεν
1253 1742 1271 1782 ο
1293 1708 1391 1802 Εόρι-

292 1828 391 1914 πίδης
412 1823 450 1893 τό
474 1823 617 1914 ήρωικδν
639 1815 742 1914 ήθος·
774 1819 813 1892 ού
837 1823 897 1912 γάρ
917 1831 1082 1904 ταπεινῶς
1101 1818 1182 1892 άλλδ
1200 1822 1284 1910 μετὰ
1304 1850 1390 1910 παρ-

292 1934 406 2022 ρησίας
427 1930 485 2020 τήν
504 1934 691 2020 Πολυξένην
710 1933 812 2019 λέγειν
832 1930 1023 2021 εἰσήνεγκεν.

246 2052 279 2104 15
377 2044 502 2108 Phoen.
525 2042 586 2107 909
614 2038 727 2125 βούλει
757 2039 936 2128 παρόντοςε
971 2041 1048 2126 ἔδει,
1075 2042 1240 2130 φασι’,·μή
1259 2033 1389 2128 άντικρυ

292 2157 351 2218 τού
362 2152 554 2230 Μενοικέως
574 2151 676 2239 λέγειν
698 2150 738 2218 τά
755 2155 832 2237 περί
845 2158 903 2242 της
916 2159 1045 2243 σφαγῆς
1061 2146 1171 2238 αἰτοῦ,
1193 2145 1260 2218 ἄλλ’
1275 2148 1389 2236 ιδσπερ

292 2262 346 2328 καί
368 2258 511 2346 ἑτέρωθι
533 2267 626 2328 ποιεῖ
653 2263 915 2350 <10n.v.1503>
941 2259 1040 2347 (δεῦρ’
1069 2259 1142 2328 ἰλθ’
1174 2261 1207 2340 ἐς
1235 2249 1291 2339 ούς
1315 2252 1390 2327 σοι’.

293 2369 381 2455 λε’γαι
403 2371 431 2435 δ’
456 2360 496 2435 όίν
518 2395 567 2449 τις
590 2366 642 2436 ότι
662 2366 806 2457 γεννικόν
832 2370 900 2438 ἐστι
934 2368 972 2436 τό
1003 2366 1189 2454 πρόστυποι
1215 2371 1268 2436 καί
1294 2364 1392 2464 φιλό-

293 2480 400 2561 δοξον,
425 2474 470 2558 αἰς
490 2479 545 2545 καί
564 2475 622 2566 τήν
645 2475 752 2566 ψυχήν
772 2479 939 2564 προέσθαι
960 2476 1043 2569 ὑπὲρ
1069 2470 1224 2557 εύκλείας.

244 2604 280 2655 20
377 2589 466 2654 Med.
492 2589 572 2655 1046
594 2589 627 2653 τί
645 2590 697 2654 δεῖ
716 2611 757 2669 με
782 2588 922 2673 πατέρας
948 2627 985 2636 -
1007 2583 1181 2673 θαυμάσαι
1194 2589 1222 2654 δ’
1242 2583 1313 2654 ἔστι
1333 2584 1391 2654 τόν

293 2693 540 2783 ὑπερβάλλοντα
561 2693 681 2781 θυμόν,
707 2688 744 2763 ὃν
769 2693 835 2778 ἔχει
857 2697 937 2762 κατὰ
957 2702 1017 2764 τού
1040 2690 1181 2776 Ἰάσονος
1201 2692 1221 2783 ἡ
1246 2692 1391 2783 Μήδεια,

295 2803 356 2892 ότι,
375 2807 494 2890 καίπερ
510 2807 732 2890 προσδοκῶσα
742 2800 899 2889 μειζόνως
911 2802 1180 2893 λυπηθήσεσθαι,
1197 2802 1287 2890 ὅμως
1307 2802 1391 2890 ὑπὲρ

294 2920 353 2981 τοῦ
373 2918 516 3000 λυπῆσαι
538 2911 596 2981 τόν
616 2907 740 2981 Ἰάσονα
762 2910 903 2999 αἰρεῖται
925 2910 1061 2993 τούτους
1080 2911 1242 3003 φονεύειν.

379 3027 421 3091 ἰί).
446 3026 508 3090 922
527 3020 616 3111 αὕτη,
637 3024 670 3089 τί
692 3025 849 3109 χλωροῖςε
878 3018 977 3095 πάλιν
999 3023 1046 3103 εἰς
1065 3021 1123 3112 τήν
1144 3019 1243 3114 αύτήν
1265 3022 1393 3093 ἔννοιαν

246 3145 280 3197 25
295 3137 404 3199 ταῦτα.
447 3129 513 3199 ἔδει
542 3131 578 3198 δὲ
607 3125 710 3219 αιίτήν
735 3131 817 3219 μηδὲ·
845 3131 1019 3198 κλαίουσαν
1039 3129 1247 3219 εἰσάγεσθαι·
1271 3127 1311 3202 ού
1332 3131 1392 3222 γάρ

295 3242 419 3311 οἰκεῖον
439 3245 485 3329 τῷ
506 3235 680 3328 προσώπῳ
696 3236 814 3328 τούτφ.
837 3232 927 3325 αἰμδν
944 3238 1006 3327 γάρ
1021 3239 1167 3329 εἰσῆκται
1186 3247 1295 3310 τοῦτο·
1320 3237 1391 3309 ἄλλ’

295 3352 466 3442 ἐκφέρεται
488 3354 528 3441 τῇ
551 3343 662 3441 όχλικῇ
683 3350 854 3440 φαντασίᾳ,
877 3347 1019 3440 ποιήσας
1040 3353 1214 3421 κλαίουσαν
1236 3355 1290 3419 καί
1313 3377 1392 3438 σιμ·

295 3457 494 3544 πάσχουσαν.
546 3452 722 3540 άπιθάνως
752 3457 811 3547 γάρ
843 3462 900 3548 τήν
935 3458 1087 3550 τοιαύτην
1120 3463 1393 3550 διαχειριζομένην

295 3569 336 3638 τά
360 3571 455 3637 τέκνα
480 3566 610 3657 εἰσάγει.

385 3786 402 3836 2
420 3778 613 3857 προστάγματι
631 3783 747 3838 Wexius
768 3779 958 3856 πράγματιῙι.
1239 3844 1243 3849 ,

422 3881 535 3935 eaedem
553 3882 838 3950 opponuntur-schol.
857 3881 923 3937 Ant.
939 3885 991 3937 538
1012 3881 1027 3951 ἡ
1045 3884 1100 3957 μὲν
1116 3881 1157 3957 μὴ
1176 3879 1302 3956 δράσασα
1322 3883 1394 3957 ὁμο·

296 3983 374 4051 λογει
389 3982 563 4050 πεπραχέναι
587 3983 633 4032 καὶ
657 3984 881 4045 κεκοινωνηκέναι
906 3978 952 4033 διὰ
970 3977 1019 4035 τὸν
1037 3975 1131 4036 πόθον
1149 3983 1195 4049 τῆς
1212 3977 1342 4053 ἀδελφῆς
1375 3980 1392 4049 ἡ

297 4070 497 4139 δὲσπουδάζει
516 4077 606 4139 ζῶσαν
624 4071 707 4143 αὐτὴν
725 4071 896 4149 διαφυλάξαι.

370 4173 403 4224 13
421 4170 525 4224 Donat.
544 4170 580 4224 ad
597 4169 685 4224 Andr.
703 4169 771 4236 ΙΙΙ,
783 4173 817 4225 24
835 4175 913 4227 nulla
932 4179 1103 4228 cunctacione
1125 4176 1252 4245 Βγττίιίιι,
1282 4175 1392 4244 τιδβι-
1456 4225 1460 4230 .

297 4236 352 4323 εείι
370 4271 509 4338 παρρησίη
526 4270 620 4320 servili
635 4272 811 4338 paratissime
829 4279 936 4325 καιναί.

371 4367 402 4418 15
422 4367 497 4437 φασί
511 4363 610 4432 scripsi
631 4369 704 4436 φησί
719 4365 800 4420 codd
