3000 5176
639 350 678 413 53

114 533 262 617 sequitur
299 531 499 598 Fritzschius
546 533 579 596 in
615 534 728 599 libello
772 549 910 623 picatam·
948 538 1032 625 [epea
1066 542 1211 603 scenicae

119 645 233 711 Graec.
252 668 387 730 poeseos
410 643 450 707 ab
476 641 618 707 Horatio
641 646 675 706 in
699 643 773 709 ΑΡ.
799 646 895 729 letae,
925 656 999 712 ante
1030 649 1081 714 dei
1112 653 1212 714 ταῦτα

114 757 321 838 θεωρεῖσθαι
352 747 390 818 ov'
416 754 608 839 particulam
633 753 826 838 inserentes
861 778 935 820 curn
966 758 1037 844 capi
1071 771 1211 847 nequeat

114 886 172 927 eur
196 884 261 926 non
286 861 425 925 debeant
457 862 612 949 conspici,
649 885 730 948 quae
765 863 852 929 intus
884 877 1032 949 agantur.
1084 869 1145 950 iarn
1183 868 1209 932 si

114 994 242 1036 cursum
276 980 363 1036 retro
395 971 555 1036 flectimus
588 973 629 1036 ad
657 973 798 1060 primum
830 975 989 1059 scholion,
1019 979 1073 1042 ubi
1096 1002 1211 1060 περισ-

112 1083 179 1158 σῶς
201 1080 362 1144 adiectum
386 1079 554 1146 dicebatur
566 1078 602 1145 ui
621 1080 844 1166 ἐκκομίζουσα,
860 1096 938 1170 puto
953 1085 1208 1172 Aristophanem

112 1198 244 1277 praeter
266 1213 403 1276 pravum
427 1190 556 1254 omnino
582 1192 810 1276 cccyclematis
831 1215 926 1257 usum
950 1195 983 1259 id
1007 1195 1102 1259 etiam
1128 1197 1209 1260 vitu·

113 1319 254 1385 parasse,
279 1299 365 1384 quod
389 1299 508 1363 chorus
532 1301 656 1385 pariter
677 1310 773 1385 atque
798 1302 829 1364 in
844 1303 1015 1372 Alcestide
1039 1304 1208 1387 indicaret,

114 1406 209 1471 educi
231 1428 271 1470 ex
298 1405 433 1473 aedibus
454 1400 646 1472 Phaedram.
694 1431 776 1472 nam·
797 1434 870 1475 cum
899 1413 999 1476 semel
1023 1414 1209 1499 eccyclema

111 1515 332 1597 adhiberetur,
356 1516 388 1581 id
412 1515 547 1580 indicari
573 1518 793 1582 necessarium
817 1541 895 1584 sane
919 1543 982 1584 nou
1009 1532 1087 1586 erat..
1112 1535 1114 1539 ’

211 1769 335 1851 Quodsi
361 1769 586 1835 demonstrare
610 1772 779 1857 hueusque
805 1772 924 1855 studui,
951 1774 1206 1862 Aristophanem

113 1879 307 1964 Byzantium
329 1891 495 1945 auctorem
520 1903 591 1945 esse
617 1904 729 1946 aarum
755 1883 1027 1965 observationum,
1060 1907 1143 1971 quae
1165 1886 1206 1949 ad

111 1997 213 2053 artem
236 1998 404 2074 poetarum
429 1987 653 2053 illustrandam
673 1989 874 2074 pertinentes
890 1991 923 2055 in
939 1992 1072 2058 scholiis
1085 1995 1207 2060 nostris

113 2099 278 2181 leguntur,
301 2098 363 2162 hoc
386 2099 514 2162 nonita
535 2097 684 2181 intellegi
706 2099 817 2181 velim,
841 2101 931 2183 quasi
954 2100 1025 2188 ipsa
1042 2125 1204 2186 gramma-

112 2205 166 2271 tici
190 2207 396 2270 celeberrimi
419 2207 520 2271 verba
541 2207 574 2271 in
598 2207 730 2272 scholiis
756 2217 870 2272 extent
901 2219 954 2273 aut
986 2211 1107 2296 ubique
1136 2212 1204 2277 eius

113 2331 208 2385 notae
234 2318 354 2382 fuerint
368 2317 529 2405 appictae,
551 2318 608 2381 sed
628 2316 661 2382 id
676 2327 800 2383 tantum
815 2320 988 2402 contendo,
1013 2320 1205 2408 Aristopha-

110 2451 185 2494 nem
213 2428 354 2516 primum
375 2427 485 2510 fuisse,
509 2427 564 2512 qui
588 2427 629 2492 ad
651 2428 876 2493 illustrandam
901 2429 1056 2494 artemia
1080 2431 1207 2497 fabula-

109 2561 179 2601 rum
205 2535 440 2624 compositione
467 2537 673 2623 conspicuam
698 2537 841 2602 animum
865 2538 1051 2604 adverteret
1084 2551 1116 2604 et
1141 2541 1206 2605 suis

108 2646 236 2712 iudiciis
259 2644 604 2731 observationibusque
634 2670 780 2712 normam
811 2649 995 2735 praeberet,
1027 2673 1121 2734 quam
1156 2671 1204 2715 se-

109 2757 231 2844 quioris
254 2755 324 2820 aevi
348 2757 566 2849 grammatici,
592 2780 729 2842 quorum
745 2781 845 2823 uuum
862 2780 937 2821 mox
955 2780 1205 2842 cognoscemus,

109 2877 333 2951 sequerentur.
356 2868 442 2952 quod
469 2876 504 2930 ut
527 2866 785 2931 demonstrarem
809 2867 834 2931 si
859 2866 936 2931 mibi
962 2866 1111 2953 contigit,
1140 2890 1204 2931 non

108 2997 225 3039 novam
249 2997 317 3039 rem
342 2975 452 3041 detexi
467 2996 538 3039 mea
552 2975 840 3051 demonstratione.
866 2997 939 3038 nam
954 2976 1119 3060 cognitam
1134 2999 1203 3040 eam

110 3083 222 3148 babuit
255 3093 288 3148 et
314 3084 377 3147 iam
406 3083 531 3170 pridem
558 3083 661 3147 edixit
696 3081 876 3147 Carolus
909 3082 1205 3150 Lachmannus

108 3193 141 3258 in
166 3194 249 3259 Mus.
269 3194 372 3259 Rben.
397 3193 489 3259 volI
512 3193 616 3281 pert
653 3193 714 3256 olen
738 3193 851 3256 beroeis
875 3192 1054 3281 [Oedipum
1078 3193 1206 3258 seilicet

108 3325 172 3368 non
197 3326 253 3366 sua
277 3303 375 3389 eulpa
398 3303 454 3367 sed
473 3304 609 3367 deorum
630 3302 796 3366 voluntate
812 3303 965 3366 miserum
980 3304 1101 3368 laetum
1119 3304 1205 3375 essel

100 3411 203 3493 ,firtdet
227 3413 278 3472 eiu
301 3410 451 3494 ausleper
475 3412 507 3472 ia
530 3409 591 3473 deri
613 3408 756 3472 scholica
778 3433 817 3472 zu
838 3433 865 3472 o.
880 3411 947 3497 {160
970 3409 1205 3494 iberaeapend,

107 3555 148 3565 --
172 3517 713 3603 oerotallrb'chAristophanes
735 3516 999 3604 eoaeraana,
1021 3543 1097 3582 corr
1122 3520 1205 3583 dem

109 3631 299 3692 oreisteos
332 3630 398 3692 die
434 3628 738 3714 arzrraerlcaopen
769 3628 872 3690 tiber
901 3628 964 3690 dic
985 3627 1110 3692 karrst
1135 3630 1203 3693 des

109 3739 298 3802 dielzters
331 3739 577 3802 berritlrren.
623 3762 658 3801 so
680 3738 763 3801 steht
785 3743 855 3801 aeia
879 3762 970 3800 itariae
994 3738 1047 3801 ba·
1067 3737 1204 3824 Hippot.

109 3849 171 3912 170
202 3849 270 3930 arrad
302 3851 371 3911 eine
398 3872 483 3935 parra
512 3848 637 3933 pleiclrc
668 3847 863 3935 hemerleanp
895 3847 948 3910 bei
976 3849 1098 3912 Alcesl.
1130 3849 1203 3915 238.

108 3956 199 4021 cuius
223 3957 427 4021 coniecturae
453 3979 525 4020 cum
551 3957 696 4020 sublesta
719 3957 892 4020 haberetur
916 3956 999 4020 tides
1019 3955 1203 4020 aNauekio

107 4068 126 4130 l.
140 4065 161 4129 l.
174 4091 205 4154 p.
218 4066 258 4133 68
282 4077 314 4129 et
331 4065 584 4133 Schneidewino
607 4066 627 4128 l.
645 4067 662 4129 Ι.
686 4089 717 4152 p.
729 4066 759 4148 4,
783 4087 846 4150 ego
869 4065 1082 4148 accuratiore,
1107 4088 1201 4150 quam

103 4175 211 4248 adhue
237 4178 356 4240 laetum
379 4186 437 4257 est,
459 4177 728 4242 commentatione
752 4177 1011 4263 certioribusque
1026 4201 1224 4264 arguerem,

106 4283 144 4348 tis
167 4305 238 4348 eam
261 4284 405 4349 stabilire
428 4294 461 4349 ct
483 4285 611 4350 firmare
635 4294 769 4352 conatus
791 4309 872 4350 sum.
