3000 5176
802 307 844 373 72

378 495 517 559 Veteres
540 492 676 558 Homeri
699 493 896 579 interpretes
919 490 1109 558 Zenodotus
1132 489 1372 578 Aristophanes

277 605 490 671 Aristarchus
506 604 560 667 vel
575 603 707 667 omnino
722 601 928 667 abstinebant
945 603 984 668 ab
1002 611 1071 666 arte
1090 601 1160 666 eius
1177 601 1373 689 explicanda

276 714 389 779 veliis
412 723 535 778 tantum
560 713 638 776 locis
661 712 740 775 artis
761 711 910 798 poeticae
934 711 1091 776 rationem
1115 712 1287 792 habebant,
1316 710 1373 776 uhi
1406 762 1408 767 ,

274 822 315 886 ad
349 821 553 910 quaestiones
584 819 711 884 criticas
744 820 917 883 solvendas
949 820 1026 885 inde
1057 818 1135 905 quid
1160 819 1371 885 redundaret.

274 954 340 996 non
362 931 405 994 ita
417 929 629 996 recentiores.
652 929 686 993 iu
706 930 819 994 codice
836 929 921 993 enim
936 929 1065 995 Veneto
1081 930 1119 1012 B,
1144 951 1283 1014 quocum
1301 930 1370 1016 ple-

273 1042 383 1125 risque
398 1039 477 1103 locis
501 1038 664 1103 consentit
675 1038 855 1125 Lipsiensis
873 1048 905 1102 ct
917 1037 1111 1123 Leydcnsis,
1130 1039 1217 1102 haud
1238 1037 1283 1102 ita
1296 1063 1367 1127 par-

276 1172 335 1212 vus
356 1148 522 1212 invenitur
537 1147 798 1212 observationum
814 1168 981 1230 numerus,
1005 1169 1087 1232 quae
1114 1147 1228 1212 similis
1250 1146 1368 1212 doctri·

275 1256 521 1322 naevideantur
543 1277 613 1320 esse
638 1264 735 1340 atque
760 1277 829 1340 eae,
853 1279 931 1339 quas
955 1257 988 1320 in
1013 1257 1212 1342 tragicorum
1236 1255 1370 1321 scholiis

275 1365 498 1451 cognovimus.
522 1363 697 1430 admodum
722 1387 813 1429 rarae
837 1365 951 1429 harum
972 1365 1108 1430 laciniae
1130 1365 1165 1430 in
1188 1365 1257 1430 cod.
1273 1365 1304 1429 A
1325 1365 1370 1429 le-

273 1488 405 1563 guntur.
427 1487 502 1541 stant
522 1487 631 1542 autern
645 1477 719 1541 illae
735 1488 768 1541 et
785 1476 981 1541 observandi
998 1487 1040 1560 et,
1060 1487 1096 1541 ut
1117 1477 1223 1541 obiter
1244 1475 1369 1560 legenti

274 1585 380 1650 videri
408 1596 526 1672 potest,
559 1585 691 1651 dicendi
719 1585 845 1650 ratione
875 1584 959 1650 inter
989 1607 1023 1648 se
1054 1594 1087 1649 et
1115 1583 1369 1671 Aristophaneis

273 1694 513 1782 Didymcisquc
535 1694 873 1759 animadversionibus
898 1702 961 1757 tam
980 1694 1115 1776 similes,
1139 1704 1175 1758 ut
1198 1715 1257 1780 pro
1280 1702 1369 1758 certo

274 1803 460 1870 habendum
481 1805 534 1880 sit,
558 1826 611 1868 eas
627 1804 667 1868 ab
687 1826 752 1868 uno
769 1803 951 1890 eodemque
968 1803 1180 1888 grammatico
1202 1805 1370 1890 profectas

275 1935 346 1978 esse
373 1923 403 1976 ct
420 1937 438 1975 a
453 1912 667 1996 grammatico
686 1912 827 1996 quidem,
855 1912 909 1999 qui
931 1922 985 1977 aut
1000 1913 1135 1977 candem
1158 1913 1252 1995 viam,
1275 1934 1370 1996 quam

276 2020 531 2108 Aristophanem
562 2020 690 2084 videret
727 2020 838 2086 iniisse
871 2020 905 2085 in
938 2020 1138 2085 aestimanda
1169 2021 1370 2104 tragicorum

275 2141 356 2215 arte,
378 2140 633 2216 persequeretur
655 2130 688 2193 in
706 2130 913 2216 explananda
933 2139 1001 2195 arte
1014 2129 1203 2213 Homerica,
1221 2140 1276 2194 aut
1293 2131 1372 2194 Ari-

276 2238 513 2302 stoteloacerte
528 2237 670 2302 imbutus
693 2247 780 2302 esset
801 2237 982 2324 disciplina.
1006 2238 1103 2301 talem
1126 2239 1204 2303 artis
1227 2238 1366 2326 expliea-

276 2346 399 2410 tionem
424 2346 547 2410 nullum
578 2346 728 2411 habuisse
758 2347 865 2411 locum
898 2346 932 2411 in
955 2345 1151 2411 carminibus
1175 2346 1371 2432 Homericis,

275 2455 335 2518 nisi
359 2454 462 2521 Iliade
490 2464 521 2518 et
542 2455 694 2539 Odyssea
716 2454 859 2541 acceptis
889 2477 948 2542 pro
979 2454 1104 2539 magnis
1127 2454 1219 2539 quasi
1242 2465 1370 2548 tragoe-

199 2618 202 2627 .
278 2563 348 2646 diis,
370 2564 405 2628 in
426 2573 582 2652 promptu
606 2575 664 2629 est.

356 2672 469 2753 „Quae
492 2675 662 2754 sententia,
693 2683 728 2736 ut
751 2672 925 2739 Aristoteli
939 2677 964 2714 ⁶⁹
994 2675 1125 2762 propria
1155 2673 1227 2758 fuit,
1261 2675 1306 2739 ita
1337 2697 1373 2740 re

276 2802 354 2846 vera
384 2781 417 2844 in
449 2781 598 2846 omnihus
629 2781 911 2847 observationibus
942 2781 1037 2847 redit.
1079 2781 1113 2848 in
1141 2783 1373 2871 Aristophanis
1399 2866 1401 2870 Ι

278 2889 519 2956 commentariis
532 2890 718 2954 Homericis
742 2891 811 2955 eius
835 2891 1016 2956 sententiae
1040 2891 1166 2955 nullum
1186 2893 1373 2978 vestigium.
1417 2899 1420 2903 ⁴

276 2999 414 3084 Didymi
439 3022 567 3084 quoque
591 3000 899 3065 commentariorum
914 3000 1167 3066 Homericorum
1184 3004 1372 3084 exegetico-

277 3131 349 3172 rum
373 3130 454 3192 quae
477 3118 651 3196 supersunt
673 3110 846 3194 reliquiae,
868 3131 992 3198 paucae
1017 3110 1146 3194 quidem
1165 3120 1198 3174 et
1216 3120 1280 3174 tam
1301 3110 1372 3174 exi-

281 3274 477 3281 ————-

348 3365 382 3417 69
402 3363 456 3418 Otr.
465 3364 543 3417 AP.4
557 3383 584 3434 p.
598 3365 679 3418 14le
694 3366 728 3418 34
739 3359 833 3435 ὥσπερ
846 3364 876 3417 ot
889 3367 934 3417 καὶ
948 3361 980 3417 τα
1000 3365 1139 3418 σπουδαῖα
1157 3358 1276 3434 μάλιστα
1296 3384 1372 3430 ποιη-

276 3455 322 3525 τὴς
335 3453 455 3529 Ὅμηρος
472 3451 504 3524 ἦν
523 3454 620 3531 (μόνος
637 3457 691 3531 γὰρ
710 3455 761 3530 οὐχ
779 3455 821 3513 ὅτι
848 3451 885 3525 εὖ,
917 3455 973 3511 a’rll’
993 3453 1033 3512 ta
1052 3463 1097 3512 καὶ
1114 3453 1245 3531 μιμήσεις
1265 3459 1373 3530 δραμα-

277 3551 352 3614 trade
369 3555 517 3624 ductabat),
547 3551 615 3609 οὕτω
642 3556 673 3609 et
699 3560 745 3609 καὶ
761 3553 794 3608 τὰ
809 3557 856 3622 τῆς
873 3555 1020 3626 κωμῳδίας
1039 3549 1167 3626 σχήματα
1186 3557 1292 3625 πρῶτος
1310 3553 1373 3609 ὑπέ-

278 3651 376 3715 δειξεν,
408 3645 439 3703 οὐ
459 3645 552 3719 ψόγον
576 3647 643 3703 ἀλλὰ
667 3649 697 3704 τὸ
718 3653 826 3721 γελοῖον
843 3645 1099 3723 δραματοποιὴσας·
1124 3647 1210 3722 ὁγὰρ
1230 3657 1373 3720 Μαργίτης

276 3738 413 3815 ἀνάλογον
431 3747 487 3816 ἔχει
507 3742 600 3813 ὥσπερ
615 3743 695 3806 Ἰλιὰς
719 3752 764 3800 καὶ
787 3742 928 3802 Ὀδὺσσεια
956 3746 1025 3816 πρὸς
1048 3745 1095 3808 τὰς
1118 3748 1279 3818 τραγῳδίας,
1304 3743 1373 3799 οὕτω

277 3845 322 3894 καὶ
341 3827 417 3900 οὗτος
434 3839 503 3912 πρὸς
519 3840 567 3902 τὰς
585 3844 740 3914 κωμῳδίας.
759 3844 814 3896 iam
833 3846 898 3896 ante
918 3843 1100 3896 Aristotelem
1119 3842 1200 3897 Plato
1220 3843 1372 3897 Homerum

277 3940 389 4006 poetam
413 3939 550 4008 tragicum
577 3941 768 4008 appellaverat
791 3939 836 3993 vel
860 3939 1035 4009 tragicorum
1053 3941 1219 4009 magistrum
1239 3939 1289 3995 cfr.
1308 3940 1373 3994 Rei·

279 4035 355 4102 publ.
366 4036 391 4088 Χ
403 4053 429 4104 p.
440 4031 635 4107 607³“0pqpov
655 4029 867 4102 ποιητικώτατον
886 4035 954 4089 εἶναι
972 4040 1016 4087 καὶ
1037 4037 1145 4104 πρῶτον
1161 4037 1216 4088 τῶν
1232 4037 1372 4106 τραγῳδο-

277 4131 371 4183 ποιῶν.
390 4129 426 4184 ih.
437 4148 464 4199 p.
476 4132 539 4185 5950
554 4132 624 4184 ἔοικε
644 4127 659 4200 (¹
660 4125 780 4202 Όμηρος)
798 4128 922 4202 μὲνγὰρ
940 4131 994 4183 τῶν
1011 4132 1102 4184 καλῶν
1121 4125 1252 4184 ἁπάντων
1270 4125 1371 4185 τούτων

281 4226 333 4277 τῶν
356 4227 492 4295 τραγικῶν
516 4223 623 4296 πρῶτος
647 4221 813 4284 διδασκαλος
835 4245 862 4278 ae
886 4231 928 4278 καὶ
953 4223 1065 4296 ἡγεμὼν
1082 4230 1224 4296 γενέσθαι.
1263 4227 1311 4281 cfr.
1330 4229 1366 4282 ib.

278 4313 380 4388 ptem
399 4324 427 4373 et
446 4321 558 4376 Theeet.
577 4341 604 4391 p.
618 4325 687 4377 152⁰.
