3000 5176
838 306 879 369 8⁴2

307 496 361 551 aut
383 509 443 574 per
465 488 596 553 nuntios
613 498 677 572 ant,
700 500 732 554 et
755 490 817 555 hoc
839 489 984 556 additum
1008 513 1078 557 esse
1103 492 1324 571 memorabile,
1347 515 1403 558 vo·

308 597 398 662 cibus
423 597 615 682 quibusdam
638 600 994 687 exclamationibusque
1023 613 1098 688 post
1124 625 1276 667 scaenam
1307 601 1403 666 editis

307 707 466 771 certiores
495 707 615 771 faciant
646 716 848 802 spectatores
880 709 983 774 deiis
1006 732 1087 796 quae
1112 721 1183 775 acta
1205 721 1290 775 sunt.
1335 710 1403 774 uni·

307 818 425 904 cuique
451 818 485 882 in
507 830 648 884 mentem
671 819 804 884 venient
827 841 963 885 scaenae
987 819 1064 883 illae
1089 819 1348 903 Agamemnonis
1371 829 1403 882 et

306 925 468 1008 Electrae,
489 925 529 988 ad
553 949 631 1012 quas
656 936 688 990 et
709 926 948 1013 Aristophanes
963 935 996 989 et
1006 925 1170 1011 Didymus
1193 925 1234 990 de
1251 924 1313 989 hoe
1326 945 1402 1011 poe-

306 1043 411 1098 tarum
433 1033 633 1118 tragicorum
657 1033 795 1100 artifieio
818 1033 1035 1119 disputarunt.

407 1141 586 1208 Chornm
611 1143 757 1208 vindicat
782 1143 970 1226 tragoediae
994 1143 1204 1224 Homericae,
1229 1163 1327 1227 quem
1353 1141 1403 1206 di-

306 1249 401 1316 cendi
422 1271 527 1332 genus
540 1258 573 1314 et
586 1251 702 1314 scholii
719 1251 814 1315 sedes
826 1260 973 1330 testatur,
988 1249 1195 1337 Porphyrius
1209 1249 1243 1314 in
1259 1248 1359 1314 schol.
1373 1249 1401 1313 B
1454 1244 1459 1263 '

310 1359 409 1424 Trea
433 1395 473 1406 --
487 1354 505 1423 ὁ
528 1357 564 1423 δὲ
586 1354 728 1445 ποιητής
748 1362 788 1448 τῇ
808 1354 1061 1446 καλλιστευσόσῃ
1082 1361 1149 1423 τῶν
1170 1352 1402 1443 derivandam

305 1462 433 1550 εἰκάζει.
472 1466 545 1533 ἐπεί
568 1466 626 1552 γὰρ
649 1466 701 1532 ἐπ’
724 1459 912 1554 ἀλλοδαπῆς
931 1467 1069 1553 τέθνηκε
1093 1463 1296 1552 Πάτροκλος,
1318 1463 1403 1532 ἔνθα

304 1575 349 1666 μή
371 1573 503 1663 πάρεισι
534 1581 696 1663 συγγενεῖς
724 1581 880 1662 γυναῖκες,
912 1572 950 1641 αἳ
973 1571 1114 1659 μάλιστα
1146 1580 1247 1640 κινεῖν
1277 1571 1402 1660 δάκρυα

304 1688 454 1775 φιλοῦσι,
487 1682 618 1770 χορόν
651 1684 980 1769 αἰχμαλωτίδων
1010 1684 1173 1771 πεποίηκε
1206 1689 1402 1771 θρηνοῦντα,

304 1789 496 1878 ἐξάρχοντος
517 1789 649 1876 ἐνδόξου
671 1789 856 1878 προσώπου
869 1795 935 1859 κτλ.
960 1794 1138 1883 quidquod
1164 1794 1401 1879 eccyclema

303 1903 451 1969 adhibuit
463 1903 653 1969 Homerus?
677 1914 765 1968 certe
781 1902 922 1967 vividam
947 1913 979 1967 et
1001 1925 1036 1967 re
1059 1925 1137 1967 vera
1158 1903 1399 1990 incomparabi-

304 2012 370 2076 lem
401 2013 544 2078 fabricae
568 2012 710 2078 Vulcani
745 2012 1000 2100 descriptionem
1031 2021 1199 2100 comparat
1228 2013 1400 2077 scholiasta

306 2145 380 2186 eum
404 2122 640 2208 eccyclemote,
675 2144 738 2207 quo
762 2144 845 2206 qaae
869 2122 955 2186 intus
978 2122 1058 2187 fiant
1078 2123 1111 2186 in
1133 2144 1251 2186 scaena
1273 2133 1400 2208 specta-

304 2230 428 2294 toribus
449 2240 670 2296 monstrentur
693 2230 794 2294 sehol.
809 2229 837 2294 B
853 2234 882 2293 Σ
893 2230 953 2293 477
977 2228 1153 2312 δαιμονίως
1173 2225 1231 2295 τὸν
1252 2224 1399 2315 πλάστην

302 2331 402 2417 αὐτὸς
426 2337 610 2422 διέπλασεν,
634 2333 750 2420 ιῖσπερ
779 2335 835 2401 ἐπὶ
856 2340 1010 2424 σκηνῆς
1032 2332 1291 2424 ἐγκυκλήσας
1312 2338 1398 2420 <sici

305 2469 371 2511 non
396 2443 592 2534 ἐκκυκλήσας
618 2446 693 2510 vide
715 2445 801 2532 poe
822 2447 928 2528 aaa>
960 2445 1014 2510 καὶ
1045 2445 1189 2528 δείξας
1223 2442 1324 2533 ἡμῖν
1358 2445 1400 2512 ἐν

303 2559 471 2644 φανερῷ
492 2551 531 2622 τό
555 2550 776 2641 ἐργαστήριον.
819 2565 852 2618 et
880 2555 921 2619 ad
945 2555 1182 2644 perficiendum
1207 2567 1396 2645 apparatum

301 2666 464 2748 tragicum
485 2665 641 2729 habemus
668 2664 786 2728 deum
809 2685 858 2728 ex
884 2665 1078 2729 maehina
1100 2667 1141 2729 ab
1166 2666 1314 2731 Homero
1340 2667 1396 2732 ad·

301 2773 439 2838 bibitum
463 2774 642 2838 secandum
665 2773 763 2837 schol.
777 2772 868 2838 BLV
883 2774 985 2837 1315ss
1008 2770 1055 2851 εἰς
1075 2777 1239 2841 τοσοῦτον
1259 2769 1398 2860 προάγει

301 2880 359 2962 τοῖς
380 2884 601 2969 περιπετείας,
625 2879 671 2962 οῖς
690 2878 736 2970 μή
760 2878 925 2949 δύνασθαι
947 2876 1050 2962 αὐτοῖς
1071 2874 1172 2950 ιῖλλον
1194 2882 1224 2951 εἰ
1238 2881 1282 2972 μή
1296 2881 1399 2969 μόνον

299 2998 495 3076 μεταθεῖναι
516 2990 555 3059 τό
571 2998 695 3061 θεῖον.
715 2996 849 3078 πρῶτος
872 2991 907 3059 δέ
928 2998 1000 3071 τοῖς
1020 2999 1183 3079 τραγικαῖς
1204 2989 1399 3083 εἰσηγήσατο

300 3101 490 3190 μηχανάς,
517 3103 603 3193 quod
623 3126 665 3170 ex
686 3124 776 3169 more
796 3113 991 3190 excerptum
1006 3112 1056 3169 est
1071 3126 1113 3168 ex
1129 3105 1287 3192 ampliore
1305 3107 1398 3171 seho-

301 3214 346 3279 lio
370 3213 596 3301 Porphyriano
621 3213 661 3277 ad
685 3213 795 3277 v.151')
818 3213 851 3277 in
875 3212 962 3277 BLV
986 3209 1039 3278 διὰ
1063 3213 1096 3278 τί
1117 3213 1154 3278 δὲ
1175 3214 1399 3299 προείπαντος

299 3326 358 3387 τοῦ
380 3317 618 3407 Ἀγαμέμνονος
640 3321 673 3387 ἐν
694 3326 766 3401 τοῖς
787 3322 1125 3408 προβεβουλευμένσις
1147 3325 1225 3408 (75)
1242 3319 1396 3408 (όμεῖςδ

299 3421 443 3497 littorea
464 3422 566 3511 σ’ίλλσς
578 3427 723 3519 ἐρητύειν
740 3425 910 3515 ἐπέεσσιν,
933 3428 1146 3518 ὁρμησάντων
1160 3437 1227 3499 τοῖν
1240 3429 1399 3521 Ἑλλήνιον

299 3541 355 3606 ἐπί
378 3541 438 3620 τοῖς
460 3545 535 3620 ναῖς
549 3532 629 3608 οἷίτε
640 3533 809 3620 Ὀδυσσεδς
830 3531 909 3607 σῖίτε
922 3533 1019 3620 datas
1033 3533 1141 3620 σόδεῖς
1151 3546 1249 3608 τοῦτο
1262 3542 1398 3630 ἐποίησε

299 3648 430 3730 ταχέως,
460 3649 527 3715 ἀλλ’
555 3647 572 3716 ὁ
594 3649 654 3735 μέν
675 3648 808 3737 ἕστηκεν
831 3646 947 3729 υῖπλαῖς
978 3646 1082 3733 μόνον
1113 3643 1184 3733 cdxi
1212 3647 1400 3737 ἁπτόμενος
1456 3694 1458 3699 -

244 3751 246 3755 ’
298 3760 356 3844 τῆς
378 3753 465 3844 νηός,
487 3754 517 3824 oi
539 3759 582 3824 δέ
595 3758 651 3826 ἐπί
676 3764 734 3842 τῆς
756 3759 924 3847 ἐκκλησίας
943 3759 1087 3843 μένουσι,
1109 3760 1163 3826 καί
1186 3761 1395 3847 παραγίνεται

298 3857 495 3952 ήἈθηνοῖ
526 3860 606 3934 υῖπδ
633 3873 814 3957 μηχανῆς
844 3863 958 3954 ιῖσπερ
988 3865 1194 3936 καθεύδοντα
1228 3870 1396 3957 ἐγείρουσα

297 3971 355 4039 τὸν
373 3966 542 4054 Ὀδυσσέας
567 4016 605 4024 -
628 3979 739 4044 -διδ
766 3978 851 4066 πρδς
878 3982 1001 4045 τοῦτον
1034 3974 1053 4066 ή
1081 3973 1210 4066 Ἀθηνᾶ
1233 3976 1319 4068 ήκει·
1354 3973 1397 4046 ου)

297 4080 356 4169 γὰρ
378 4080 525 4151 πιθανόν
545 4089 635 4151 θεοῦ
656 4086 730 4169 δίχα
749 4087 1028 4154 καταστέλλεσθαι
1057 4092 1209 4156 τοιοῦτον
1233 4085 1396 4172 θόρυβον.

297 4214 405 4278 neque
429 4194 491 4258 hoe
515 4195 587 4259 loco
608 4197 681 4262 fons
695 4196 872 4282 Porphyrii
885 4198 1042 4263 obscurus
1058 4208 1115 4275 est,
1135 4198 1283 4285 proditur
1307 4200 1396 4263 enim

299 4303 463 4367 scholioB
485 4305 565 4368 1573
585 4296 899 4388 Ἀριστοτέλους.
921 4306 1027 4372 διὰτί
1048 4304 1066 4372 ὁ
1087 4298 1297 4393 ’Λγαμέμνων
1313 4299 1397 4374 ἄπο-
