3000 5176
786 1167 851 1236 111

376 1434 501 1516 Quodsi
531 1434 671 1521 denique
697 1435 737 1498 ad
767 1434 914 1499 ultimam
938 1435 1124 1499 accedimus
1149 1433 1370 1520 quaestionem

278 1569 350 1612 cam
373 1544 536 1627 nimirum,
561 1566 637 1608 nuru
661 1545 742 1608 haec
764 1543 843 1607 artis
866 1543 1016 1631 poeticae
1039 1542 1261 1608 observandae
1289 1542 1371 1607 ratio

275 1655 315 1719 ab
341 1654 564 1741 Aristophane
589 1653 694 1738 primo
718 1651 876 1735 instituta,
898 1673 957 1740 per
979 1651 1160 1735 Didymum
1183 1650 1317 1716 dilatata
1340 1661 1373 1716 et

274 1761 307 1826 in
333 1759 456 1824 scholia
478 1770 589 1825 nostra
610 1768 782 1845 poetarum
805 1760 1007 1845 tragicorum
1027 1758 1128 1839 illata,
1152 1760 1371 1824 arecentiore

276 1868 419 1954 denique
441 1867 654 1954 grammatico
679 1889 753 1932 raro
777 1878 809 1932 ot
822 1868 1016 1955 plerumque
1040 1889 1196 1955 perverse
1217 1867 1373 1952 adhibita,

277 2002 354 2044 num
380 1979 471 2060 haec,
502 1977 586 2058 dico,
614 1976 683 2042 sive
715 1979 755 2041 ab
785 1977 864 2065 ipsis
894 1977 959 2042 illis
988 1976 1108 2042 criticis
1141 1976 1208 2042 sive
1238 1979 1278 2043 ab
1301 1977 1372 2042 aliis

278 2088 424 2152 exercita
447 2088 488 2152 sit
511 2086 543 2150 in
567 2087 704 2150 aliorum
734 2096 904 2171 poetarum
931 2086 1129 2150 carminibus
1158 2086 1373 2169 illustrandis,

279 2195 346 2262 eius
364 2196 398 2260 in
410 2196 584 2284 praeclaris
597 2196 730 2261 scholiis
744 2197 912 2262 Pindari
923 2221 939 2260 c
951 2197 958 2258 i
969 2221 993 2278 s,
1017 2218 1100 2281 qnae
1114 2206 1161 2261 tot
1175 2195 1372 2262 reconditio-

277 2305 321 2367 ris
335 2304 513 2385 dootrinae,
526 2305 711 2390 Didymoao
725 2303 895 2390 imprimis,
911 2303 1091 2391 specimina
1105 2315 1286 2385 servarunt,
1304 2305 1372 2369 nul-

278 2413 345 2477 lum
358 2413 606 2501 deprehendero
627 2414 715 2500 potui
738 2413 923 2496 vestigium.
949 2413 1036 2499 quod
1058 2413 1092 2478 in
1114 2414 1175 2478 boc
1199 2423 1294 2501 poeta
1318 2414 1374 2478 mi·

277 2523 364 2587 nime
388 2523 515 2587 mirum.
561 2524 637 2587 licet
665 2532 794 2587 veteres
819 2524 1028 2610 interpretes,
1052 2533 1088 2587 ut
1108 2523 1316 2590 Callistratus
1341 2536 1373 2589 et

275 2630 484 2715 Didymusssss,
504 2631 544 2695 ad
566 2640 711 2695 montom
734 2641 849 2717 poetae
870 2631 1106 2715 consiliumque
1131 2632 1311 2698 eruendum
1330 2644 1374 2698 at-

278 2740 461 2822 tenderent,
485 2751 592 2805 tamen
607 2741 740 2806 Pindari
756 2765 807 2806 ars
830 2764 964 2829 prorsus
977 2741 1073 2805 aliam
1088 2741 1273 2827 explicandi
1289 2743 1374 2807 viam

277 2850 473 2934 requirebat.
516 2851 631 2913 horum
656 2850 834 2914 carminum
861 2850 1061 2915 admirabilis
1083 2852 1225 2915 varietas
1245 2874 1373 2915 ornnem

276 2960 450 3045 respuebat
477 2969 600 3023 certam
628 2959 793 3044 fixamque
825 2958 1062 3045 interpretandi
1086 2983 1243 3036 normam,
1278 2971 1310 3023 et
1334 2960 1371 3022 ad

276 3067 468 3153 perplexam
482 3068 599 3132 horum
616 3071 796 3133 carminum
810 3068 1081 3155 compositionem
1095 3078 1263 3153 artemque
1287 3069 1372 3133 claro

277 3176 539 3263 perspiciendam
565 3176 808 3262 quaestionibus
835 3201 915 3264 opus
940 3188 1009 3241 crat
1028 3177 1373 3263 historicis-mythiois·

278 3308 351 3370 quo,
383 3308 465 3370 qnae
494 3288 611 3351 breves
641 3286 713 3350 illas
744 3296 776 3350 ot
805 3289 950 3350 concisas
974 3276 1066 3352 notas
1091 3312 1108 3351 a
1132 3287 1244 3351 limine
1267 3287 1375 3351 statim

276 3379 450 3458 arcerent(

376 3654 410 3705 68
430 3651 484 3703 on.
504 3650 591 3704 sohol.
610 3650 688 3703 Norn.
705 3651 746 3703 17
765 3647 887 3704 πιθανὸν
906 3641 956 3703 οὖν
976 3667 1062 3721 φησιν
1082 3648 1097 3702 ὁ
1118 3651 1243 3720 Δίδααος
1262 3635 1375 3703 καὶίὸν

277 3747 323 3799 ἐπὶ
343 3747 388 3812 τῆς
406 3752 533 3817 Χρομίου
549 3748 695 3817 Νεμεακῆς
718 3752 792 3811 νίκης
819 3747 942 3800 ἐπίνικον
966 3746 1045 3799 ἕνεκα
1070 3740 1163 3799 τούτου
1182 3741 1373 3817 συντετάχθαι,

277 3839 345 3912 ὑπὲρ
363 3842 409 3894 τοῦ
426 3844 536 3912 μέλλειν
556 3838 639 3896 αὐτὸν
656 3841 725 3913 ὑπὲρ
744 3843 789 3907 τῆς
810 3834 986 3912 πανηγύρεως
996 3836 1182 3912 polluentur.
1202 3843 1372 3895 semeleiae-

277 3945 379 4009 νομίαν
398 3939 454 4008 legi
472 3938 551 4008 Pyt-h.
565 3938 602 3992 lV
622 3940 703 3993 inser.
723 3934 778 4006 ἣτις
797 3931 843 3992 καί
861 3942 1009 4007 οἰκειοτέρα
1030 3940 1088 3992 ἐστὶ
1109 3936 1176 3991 κατὰ
1199 3936 1232 3991 τὰ
1250 3933 1374 4010 νοήματα

277 4040 323 4088 καὶ
340 4033 406 4088 κατὰ
425 4032 473 4101 τὴν
490 4039 657 4106 οἰκονομίαν.
677 4037 783 4105 Olymp.
794 4037 835 4088 19
854 4029 883 4089 εὖ
901 4042 946 4089 καὶ
957 4038 987 4090 ἔκ
998 4037 1092 4104 καιροῦ
1112 4037 1149 4088 ib.
1163 4037 1212 4088 105
1225 4036 1374 4107 δαιμονίως

277 4131 381 4199 Pyth.l
399 4130 483 4184 inser.
503 4125 654 4184 οἰκειότατα
672 4132 709 4186 ib.
723 4134 773 4185 137
792 4136 966 4201 χαριέστατα.
987 4132 1053 4183 haee
1072 4131 1163 4183 omnia
1181 4130 1226 4183 vel
1239 4130 1374 4198 Didymee

277 4225 321 4280 vel
340 4225 517 4280 Callistratoa
539 4227 594 4279 nisi
617 4225 727 4295 singula
750 4227 887 4280 vocabula
917 4226 986 4280 nihil
1006 4243 1152 4280 commune
1179 4226 1282 4280 habent
1309 4244 1372 4278 eum

277 4322 520 4375 observationibus
539 4323 565 4373 in
589 4328 686 4390 poetas
710 4323 830 4390 tragicos
853 4321 887 4375 do
906 4323 948 4375 his
968 4323 1051 4376 rebus
1071 4320 1216 4374 institutis.
