3000 5176
703 319 742 385 76

178 498 313 592 ἤρξατο,
336 503 422 575 oriere
447 504 622 597 δι’σιμξμοο
646 502 817 593 ὀνόματος.
839 506 894 575 διά
914 504 977 575 δύο
1000 512 1114 592 ταῦτα,
1140 494 1275 593 πρώτον

176 616 243 701 μέν,
267 617 356 684 ἵν’έκ
378 622 452 684 τοῦ
475 614 637 698 πάθους
658 614 1015 706 ἀποκαθαριεύση
1037 614 1080 682 τδ
1101 620 1274 684 τοιοῦτο

176 723 329 812 μόριον
361 732 436 815 τῆς
471 732 608 814 ψυχῆς
643 728 697 794 καὶ
736 727 1165 814 προσεκτικωτέρους
1197 724 1275 806 τοδς

176 829 341 922 άκροατδς
363 837 418 904 έπί
441 841 499 903 τοῦ
520 837 685 923 μεγέθους
707 833 840 926 ποιήσῃ,
876 837 929 903 καὶ
962 836 1130 925 προεδίση
1162 836 1275 925 φέρειν

177 945 329 1032 γενναίως
349 942 432 1034 ἡμᾶς
452 942 492 1011 τά
506 943 616 1033 πάδη,
639 946 766 1029 μέλλων
778 945 944 1030 πολέμους
956 939 1179 1031 ἀπαγγέλλειν.
1202 941 1274 1011 δεύ-

176 1079 272 1141 τερον
293 1056 329 1122 δέ
350 1056 417 1121 κτλ.
439 1057 520 1121 ἰΙΙιιδ
546 1054 869 1140 προσεκτικωτέρους
883 1051 964 1134 τούς
982 1047 1143 1138 άκροατάς
1164 1059 1276 1120 ποιεῖν

178 1167 333 1250 frequens
357 1167 389 1232 in
418 1168 619 1253 tragicorum
652 1167 796 1232 scholiis.
838 1165 934 1230 etiam
966 1164 1152 1231 breviorem
1185 1163 1274 1229 illem

178 1274 402 1358 quaestionem
415 1276 551 1364 praebet
566 1277 623 1342 BL
648 1274 696 1342 ἔτι
720 1278 860 1362 ζητεῖται
882 1274 936 1341 διδ
956 1273 989 1340 τί
1009 1266 1077 1338 άπδ
1101 1267 1274 1360 δνσφημοι·

178 1375 339 1466 ὀνόματος
359 1387 417 1471 τῆς
438 1379 572 1470 μήνιδος
594 1375 735 1469 άρχεται.
779 1378 949 1449 ἕπιλάοοσι
979 1382 1015 1449 δὲ
1036 1373 1115 1447 αάτδ
1141 1377 1171 1446 oi
1196 1381 1274 1463 περὶ

178 1487 363 1577 Ζηνόδοτον
375 1497 401 1535 ⁷²
424 1488 536 1571 οὕτως,
560 1489 610 1559 ὅτι
633 1492 764 1578 πρέπον
787 1489 857 1559 ἐστὶ
879 1495 918 1581 τῇ
941 1486 1075 1577 ποιήσει
1095 1486 1134 1555 τὸ
1156 1489 1276 1574 προοί-

176 1625 261 1684 μιον,
292 1597 350 1667 τδν
380 1606 459 1685 νοῦν
480 1606 557 1667 τῶν
576 1597 793 1687 α’κροατιῦν
815 1602 975 1686 διεγεῖρον
996 1601 1048 1665 καὶ
1071 1622 1275 1684 προσεχε-

177 1708 243 1774 στέ
248 1734 265 1793 ρ
274 1734 340 1787 ους
353 1713 486 1794 ποιοῦν,
497 1708 525 1776 εἰ
536 1710 648 1795 μέλλοι
664 1709 831 1794 πολέμους
842 1710 895 1774 καὶ
907 1704 1076 1787 θανάτους
1088 1708 1274 1794 διηγεῖσθαι

177 1813 303 1902 ἡρώιον.
327 1819 433 1886 solnta
452 1820 595 1906 denique
619 1843 661 1885 ex
685 1819 885 1905 quaestionis
904 1820 1012 1885 forma
1030 1817 1145 1882 eadem
1159 1817 1273 1902 legun·

177 1928 288 1994 turin
308 1929 369 1994 AL
401 1919 523 2014 ἤρξατο
554 1929 613 2011 μὲν
641 1921 711 1993 άπδ
741 1923 884 2016 μήνιδος,
918 1927 1057 2010 ἐπείπερ
1090 1923 1174 2013 αὕτη
1203 1930 1275 2005 τοῖς

177 2042 370 2122 πρακτικοῖς
392 2033 559 2117 ὑπόθεσις
578 2038 705 2124 γέγονεν
727 2029 834 2116 άλλως
853 2061 889 2103 τε
912 2037 966 2102 καὶ
988 2036 1168 2123 τραγῳδίας
1198 2061 1276 2122 τρα-

177 2143 266 2232 γικδν
286 2147 395 2232 ἐξεῦρε
416 2148 455 2214 τδ
473 2148 664 2233 προοίμιον·
689 2148 743 2213 καὶ
766 2143 824 2234 γὰρ
846 2141 1167 2232 προσεκτικοδς
1190 2141 1275 2232 ἡμᾶς

105 2324 107 2329 ,
177 2251 285 2320 δτιῦν
304 2249 522 2343 άτσχημάτιον
542 2251 688 2343 διήγησις
710 2251 885 2341 ἐργάζεται,
918 2256 970 2321 καὶ
993 2250 1039 2334 uie
1063 2245 1196 2340 άριστος
1226 2251 1277 2320 ἰα-

177 2364 265 2453 τρδς,
286 2372 422 2455 πρῶτον
446 2362 653 2436 άναστέλλων
674 2363 715 2432 τά
738 2363 903 2455 νοσήματα
930 2370 988 2454 τῆς
1011 2369 1119 2453 ψυχῆς
1140 2361 1277 2451 ὕστερον

177 2474 238 2564 την
257 2474 344 2545 ἰἀσιν
366 2473 488 2564 ἐπάγει.
512 2478 564 2543 hie
585 2478 753 2543 luculento
778 2477 918 2563 quodam
945 2476 1097 2563 exemplo
1121 2476 1276 2564 persequi
1372 2488 1379 2501 ‘

178 2607 361 2675 possumus,
383 2587 416 2651 in
441 2597 520 2675 quot
540 2586 647 2652 varias
671 2590 790 2653 formas
811 2586 1057 2653 observationes
1075 2583 1274 2672 Porphyriu-

179 2717 240 2786 nue
260 2695 411 2760 reductae
425 2696 497 2762 sint.
522 2695 653 2783 proprie
676 2696 835 2760 voeabula
856 2704 1039 2778 servantur,
1060 2694 1123 2759 elia
1146 2703 1275 2758 mutan-

179 2816 242 2888 tur,
271 2805 372 2870 multu
395 2807 596 2889 omittuntur,
630 2806 739 2872 omnia
768 2805 1014 2870 contrahuntur.
1061 2811 1206 2868 ceterum
1233 2824 1275 2866 cx

180 2914 230 2979 his
252 2914 384 2981 scholiis
408 2927 556 3002 apertum
578 2917 623 2998 fit,
647 2917 734 3003 quod
758 2915 820 2979 ium
844 2913 966 2979 dudum
989 2911 1193 2977 intellectum
1216 2920 1275 2994 est,

179 3024 400 3113 Porphyrium
417 3025 545 3112 penitus
563 3047 634 3091 sese
654 3025 834 3114 applicasse
858 3022 900 3088 ad
921 3031 1098 3111 praecepte
1115 3021 1277 3086 Ariste-

180 3134 288 3218 telis‚
314 3135 406 3200 euius
428 3129 654 3222 άπορημάτων
671 3131 851 3221 Ὁμηρικῶν
869 3133 976 3220 ample
989 3133 1176 3218 fragmenta
1197 3131 1275 3219 ipsis

180 3245 423 3330 quaestionibus
447 3245 686 3335 Porphyrionis
708 3269 768 3311 nos
785 3245 953 3326 debemus,
973 3265 1055 3329 quse
1069 3241 1186 3307 Rosius
1208 3240 1274 3305 cel·

180 3353 260 3439 legit
282 3355 336 3421 ll.
360 3377 391 3441 p.
406 3355 467 3420 155
479 3377 549 3444 sqq.
575 3377 641 3420 non
664 3355 758 3421 huius
784 3363 832 3420 est
856 3353 920 3418 loci
943 3352 1088 3417 diverses
1111 3372 1189 3437 ques
1213 3349 1272 3413 viri

180 3460 267 3526 docti
291 3464 496 3551 protulerunt
521 3462 561 3527 de
585 3463 634 3528 his
659 3462 872 3552 problematis
896 3458 1074 3526 sententias
1097 3479 1272 3522 recensere

180 3578 213 3633 et
235 3570 469 3653 examinare⁷³.
516 3571 579 3636 hoe
608 3572 662 3635 vel
693 3572 732 3636 ab
759 3570 809 3650 iis,
840 3569 896 3654 qui
930 3565 1113 3633 subditiciis
1137 3567 1272 3632 censent

279 3777 312 3827 72
332 3779 425 3829 leuior
449 3789 487 3830 est
507 3779 664 3842 Zenodotus,
693 3781 770 3831 cuim
798 3769 885 3836 λύσεις
908 3775 1061 3848 Ὁμηρικῶν
1086 3770 1274 3845 άπορημάτων

179 3873 254 3923 δοιά.
274 3883 469 3926 consueuerat.
497 3871 593 3927 Lehrs.
612 3873 667 3928 1.1.
687 3875 787 3942 ρ.228.
822 3891 888 3927 usus
916 3875 960 3928 est
984 3872 1018 3926 iis
1036 3870 1210 3942 Porphyrius
1228 3871 1276 3940 qui

178 3964 276 4019 laudat
293 3965 468 4020 Zenodotum
488 3966 524 4021 ad
541 3973 568 4020 B
581 3969 612 4020 12
631 3970 726 4022 Γ236.

280 4062 313 4115 73
334 4061 372 4115 Vt
389 4061 530 4132 principes
548 4062 689 4117 nominem
706 4063 914 4118 contrariarum
932 4063 1008 4118 inter
1025 4080 1055 4117 se
1074 4062 1276 4117 sententiarum

178 4158 354 4213 Lehrsius
373 4159 391 4213 l.
410 4159 428 4214 l.
447 4177 475 4229 p.
492 4162 545 4213 227
569 4178 621 4230 pro
647 4160 804 4216 subditiciis
823 4160 909 4215 habet
927 4160 1116 4230 problemate,
1143 4157 1274 4213 Rosius

178 4254 225 4310 l.l.
244 4272 271 4323 p.
285 4257 336 4309 154
354 4253 477 4310 iudicat:
507 4269 624 4311 ceterum
644 4260 992 4327 Aristotelis‘quaesttones
1011 4260 1118 4309 conciso
1138 4258 1188 4308 illo
1209 4274 1274 4324 pro-

179 4353 320 4405 blematum
343 4355 585 4424 Peripateticorum
603 4375 724 4410 sermone
743 4359 860 4425 scriptus
884 4356 1050 4423 breuiterque
1075 4363 1099 4405 et
1118 4354 1274 4405 eurum-iulus
