3000 5176
814 347 854 409 {rt

291 534 538 599 novissimarum
552 557 660 600 rerum
665 587 674 618 ,
688 556 770 618 quae
786 534 926 599 Athenis
939 534 1264 616 circumferebantur,
1282 537 1384 600 scien·

288 655 353 708 tem
374 647 548 726 faceret⁶¹3
573 635 592 710 ὃ
614 644 738 728 μᾶλλον
758 639 880 729 ἥρμοζε
904 643 1060 731 κωμῳδίᾳ
1082 643 1203 708 iudicat
1223 644 1395 728 Didymus·

289 765 321 817 ct
345 754 507 820 consentit
525 753 574 817 his
590 754 698 818 verbis
714 754 835 840 optime
852 776 925 817 euru
940 752 1169 840 Aristophanis
1188 755 1383 820 observandi

287 863 424 945 ratione,
448 885 544 948 quom
571 862 611 927 de
637 862 762 927 comico
793 862 1034 947 tragoediarum
1059 863 1149 927 exitu
1179 863 1384 949 singulisque

288 973 416 1038 scaenis
431 973 588 1057 stragica
603 971 777 1037 severitate
792 972 908 1036 alienis
925 972 1107 1057 disputasse
1124 996 1221 1060 supra
1234 974 1383 1039 vidimus.
1457 966 1460 973 ’

388 1081 568 1167 Didymum
581 1080 657 1144 artis
674 1079 822 1166 poeticae
845 1080 1085 1145 aestimatorem
1110 1081 1206 1145 etiam
1230 1082 1262 1147 in
1281 1084 1383 1147 altero

289 1201 437 1255 notarum
460 1210 584 1274 genere
609 1187 886 1270 deprehendimus
910 1212 983 1253 curn
1006 1189 1168 1255 universis
1192 1190 1385 1275 Aristopha-

290 1301 339 1364 nis
371 1298 501 1363 iudiciis
536 1298 616 1362 mire
643 1298 913 1380 consentientem,
949 1321 1060 1363 earum
1095 1299 1230 1379 scilicet,
1268 1300 1384 1384 quibus

289 1408 480 1494 Euripidem
504 1408 618 1493 carpit.
652 1429 748 1492 quam
771 1416 957 1472 constanter
980 1420 1119 1496 uterque
1143 1409 1175 1473 in
1199 1409 1260 1472 hoc
1282 1408 1383 1472 critici

289 1540 422 1583 munero
452 1516 617 1604 explendo
653 1526 800 1581 versatus
834 1517 885 1598 sit,
920 1527 1031 1582 notatu
1062 1528 1112 1582 est
1145 1517 1384 1602 dignissimum,

288 1628 408 1715 quippo
434 1651 505 1693 cum
529 1625 679 1691 omnibus
702 1626 771 1690 fero
794 1627 996 1711 temporibus
1027 1626 1227 1691 incredibilis
1257 1626 1383 1705 drama·

288 1749 356 1800 tum
369 1735 623 1823 Euripideorum
649 1734 830 1815 admiratio,
856 1736 946 1800 cuius
971 1736 1068 1799 hodie
1091 1735 1185 1800 etiam
1209 1748 1384 1822 supersunt

287 1844 438 1929 vestigia,
463 1844 548 1932 apud
564 1843 794 1927 grammaticos
806 1843 993 1908 obtinuerit.
1014 1864 1115 1927 pauca
1134 1865 1217 1929 quae
1229 1845 1383 1909 habemus

286 1954 406 2019 iudicia
429 1953 685 2040 Aristophanem
717 1961 876 2017 testantur
907 1952 985 2016 artis
1018 1951 1216 2038 Euripideao
1251 1954 1383 2019 minime

287 2074 476 2145 amatorem,
498 2072 530 2125 ot
550 2062 582 2127 in
603 2062 753 2126 omnibus
777 2062 847 2126 fere
866 2061 1009 2142 scholiis,
1032 2083 1114 2146 quae
1133 2062 1254 2128 diserte
1274 2076 1383 2129 aucto-

287 2197 356 2239 rem
380 2198 472 2238 suum
501 2172 655 2261 produnt,
687 2172 852 2258 Didymus
876 2171 1014 2251 fortiter,
1048 2172 1133 2235 haud
1165 2194 1239 2236 raro
1270 2172 1383 2256 inique

285 2283 418 2350 vellicat
430 2281 632 2370 Euripidem.
657 2303 697 2346 en
721 2282 829 2345 iudice
851 2281 998 2366 Didymo
1022 2290 1231 2367 peccatorum
1254 2280 1381 2367 Euripi-

289 2393 337 2458 dis
361 2392 557 2458 indiculum:

385 2502 486 2566 schol.
506 2502 611 2567 Andr.
631 2501 692 2566 885
725 2490 828 2581 ὄνομα
861 2499 888 2563 d’
916 2496 1081 2582 Ὀρέστηςε
1121 2496 1294 2582 ἐκβληθεὶς
1327 2501 1384 2562 τοί·

283 2599 426 2694 Ἄργους
439 2601 586 2694 Ὀρέστης
604 2603 706 2696 ἀπῄει
729 2604 776 2684 εἰς
797 2605 837 2670 ed
859 2601 948 2690 ἱερὸν
969 2608 1027 2669 τοῦ
1040 2600 1119 2682 Διὸς
1142 2601 1179 2670 τὸ
1197 2602 1384 2694 ἐνΛωδώνῃ

284 2713 535 2801 peccaverimusne,
559 2716 660 2783 ποίαν
683 2711 805 2802 οἰκήσει
831 2711 939 2780 πόλιν.
963 2701 1160 2780 eistedensis
1186 2712 1314 2799 ἔρχεται
1338 2714 1384 2794 εἰς

388 2914 421 2966 61
442 2912 546 2966 Versus
563 2912 592 2966 hi
609 2916 687 2965 sunt:

486 3002 539 3075 ἤδη
556 3006 610 3078 γὰρ
629 3009 705 3062 aldor
723 3002 853 3067 πολλάκις
871 3013 916 3061 καὶ
934 3005 995 3068 τοὺς
1014 3006 1120 3080 σοφοὺς

483 3100 555 3175 λόγῳ
572 3100 663 3178 μάτην
679 3101 858 3174 θνήσκοντας·
880 3106 932 3159 εἶθ’
953 3102 1020 3161 ὅταν
1037 3101 1142 3175 δόμους

482 3203 602 3257 ἔλθωσιν
618 3199 706 3270 αὖθις,
726 3205 909 3275 ἐκτετίμηνται
929 3206 1021 3259 πλέον·

482 3296 518 3358 ὠς
535 3292 601 3370 κᾶμ’
620 3300 732 3370 ἐπαυχῶ
750 3301 827 3366 viperis
845 3302 890 3366 τῆς
911 3294 1006 3372 φήμης
1026 3294 1083 3353 rino

483 3391 624 3465 δεδορκότ’
646 3397 759 3467 ἐχθροῖς
775 3392 877 3467 diorpor
896 3393 932 3457 tte
951 3392 1075 3470 λάμψειν
1093 3399 1140 3451 ἔτι.

283 3509 330 3545 eos
353 3490 419 3545 Otto
430 3492 543 3545 Iahnius
560 3492 589 3544 in
607 3492 781 3557 lectionibus,
802 3512 870 3562 quas
890 3494 925 3548 de
938 3493 1082 3563 Sophoclis
1095 3493 1210 3548 Electra
1231 3493 1323 3555 habet,
1342 3492 1384 3545 his

283 3587 318 3640 de
337 3587 428 3641 causis
448 3587 580 3656 Sophocli
599 3588 757 3642 abiudicat:
787 3608 884 3644 versus
909 3590 951 3643 illi
972 3590 1078 3643 nullum
1096 3590 1202 3643 habent
1219 3607 1322 3642 nexum
1339 3606 1384 3642 ne-

283 3701 336 3751 que
355 3701 417 3736 cum
436 3683 471 3736 iis
491 3684 539 3751 qui
559 3685 742 3752 praecedunt.
772 3704 861 3753 neque
887 3703 950 3739 cum
977 3685 1011 3740 iis
1033 3686 1080 3755 qui
1101 3688 1269 3755 sequuntur;
1298 3702 1383 3752 quare

282 3779 410 3849 intellegi
430 3785 581 3847 nequeunt,
603 3781 658 3835 nisi
676 3799 811 3851 personae
830 3782 864 3836 iis
876 3781 1069 3852 significentur
1079 3782 1182 3836 nemini
1193 3785 1384 3851 spectatorum

284 3875 404 3944 ignotae.
424 3893 481 3929 non
498 3877 640 3945 putandus
659 3882 702 3931 est
721 3879 874 3947 Sophocles
893 3879 954 3948 ipse
976 3880 1114 3950 tragicam
1132 3879 1240 3933 Orestis
1260 3877 1384 3932 sublimi·

284 3976 371 4025 tatem
391 3972 460 4025 adeo
478 3973 659 4037 imminuisse,
679 3980 711 4027 ut
730 3992 794 4027 eum
813 3975 1026 4028 novissimarum
1043 3974 1314 4028 narratiuncularum
1333 3974 1383 4027 sei·

285 4073 377 4121 entem
396 4068 548 4122 induceret.
566 4068 661 4137 itaque
682 4087 777 4123 versus
798 4070 929 4124 histrioni
948 4070 1092 4124 tribuendi
1112 4074 1184 4135 sunt,
1205 4070 1252 4138 qui
1264 4087 1382 4124 comme·

284 4163 397 4218 moratis
416 4164 570 4218 notissimis
590 4165 906 4235 conclamatissimisque
926 4165 1053 4235 personis
1067 4166 1255 4219 multitudinis
1271 4166 1383 4233 plausus

286 4261 450 4330 captaverit.
483 4259 568 4316 iidem
587 4279 684 4316 vorsus
703 4280 777 4316 nnnc
797 4264 881 4317 etiam
900 4281 916 4316 a
934 4262 1103 4317 Morstsdtio
1132 4263 1300 4317 damnantur
1325 4267 1374 4317 bri-

285 4372 375 4428 trnepe
394 4379 441 4411 sur
461 4361 646 4427 respersa-und
664 4363 747 4414 irritilt
768 4362 815 4413 der
833 4363 955 4431 Sophocl.
976 4363 1134 4431 tragoediae
1153 4378 1179 4428 p.
1195 4362 1219 4413 8.
