3000 5176
642 361 793 450 ου’

125 578 341 663 νεαλογοῦντα
360 568 495 643 όίνωθεν
516 576 658 658 ἐνοχλεῖν
682 569 780 640 αῦτόν
800 579 872 652 τοῖς
892 571 1085 655 θεωμένοις.
1108 566 1176 635 ἀλλ’
1200 565 1220 636 ό

123 708 158 770 γε
180 678 363 773 Εῦριπίδης
392 689 552 764 τοιοῦτος.
582 685 615 751 ἐν
641 687 717 770 γοῦν
745 687 818 762 ταῖς
842 679 968 748 Ἱκέτισι
991 679 1135 767 <v.104>
1162 675 1220 745 τόν

126 795 235 880 Θησέα
267 790 483 861 ῦποτέθειται
513 793 594 873 τοῦς
628 793 706 879 περί
739 790 798 861 τόν
820 784 1008 877 ’Ἄδραστον
1040 785 1220 876 υἷγνοοῦντα

123 899 216 970 ἕνεκα
235 907 299 970 τοῦ
322 908 459 991 μηκῦναι
479 902 517 971 τό
540 905 655 988 δρᾶμα.

208 1029 332 1096 Electr.
356 1031 435 1098 1251
458 1022 526 1095 ἀλλ’
550 1026 628 1096 όταν
649 1028 832 1117 παρουσίας
853 1069 890 1077 -
907 1023 1035 1094 ὁπόταν
1056 1021 1075 1114 ἡ
1096 1044 1249 1109 παραυ-5

123 1139 179 1204 σία
200 1133 329 1204 τούτων
350 1125 370 1227 ᾗ
392 1138 445 1204 καί
466 1134 483 1204 ό
506 1134 618 1221 καιρός
640 1132 838 1225 ἐπιτήδειος·
861 1132 899 1203 τό
921 1135 982 1222 γδρ
1005 1134 1153 1217 διεξιέναι
1176 1132 1217 1200 τό

123 1243 204 1312 κατὰ
225 1244 284 1314 τόν
307 1240 527 1333 Ἀγαμέμνονα
548 1248 590 1313 δι’
614 1237 711 1328 όχλου
738 1233 776 1334 ἦν
796 1250 868 1324 τοῖς
887 1249 1025 1323 θεαταῖς
1047 1243 1219 1327 ἐπισταμέ-

123 1381 191 1434 νοις
210 1356 250 1422 τδ
273 1361 340 1421 πᾶν
363 1357 415 1423 καί
437 1357 667 1441 περιμένουσιν
688 1355 770 1423 ίδεῖν
791 1355 833 1421 τοὶ
848 1355 884 1438 ἐξ
891 1348 1039 1438 Ὀρέστου
1059 1348 1219 1441 γινόμενα.

206 1484 343 1572 Hippol.
366 1474 610 1564 ε’)14-όίριστα
632 1483 667 1549 δέ
691 1483 745 1548 καί
767 1482 909 1548 ἐνταῦθα
931 1477 950 1569 ἡ
973 1481 1140 1566 διοίκησις.
1162 1480 1220 1568 την

122 1592 181 1676 μέν
203 1588 280 1678 ῦλην
302 1588 466 1681 φόρμαξιν
490 1585 552 1658 οῦκ
571 1593 628 1659 ἐπὶ
650 1597 768 1679 σκηνῆς
789 1585 857 1657 ἄλλ’
873 1588 967 1658 ἔνδον
987 1594 1124 1678 ποιῆσαι
1142 1591 1219 1674 μέλ·
1233 1616 1267 1667 10

122 1702 233 1784 λουσα,
255 1704 408 1780 πιθανῶς
430 1692 491 1788 ἤδη
510 1701 549 1768 τό
571 1696 748 1789 κεφάλαιον
771 1699 920 1766 ὑπέθετο
941 1704 998 1788 τῆς
1009 1695 1214 1788 φαρμάξεως.

35 1891 39 1900 ⁴
124 1806 217 1892 ἐδοξε
237 1805 295 1895 γὰρ
319 1804 358 1874 δν
379 1810 522 1892 ἐνοχλεῖν
543 1810 734 1896 διηγουμένη
757 1813 916 1899 φανερῶς.

206 1934 278 2001 OT.
291 1935 353 1999 280
370 1935 465 2000 δίκαι’
481 1933 606 2018 έλεξαςε
628 1933 726 2001 τοῦτό
748 1957 857 2024 φησιν,
880 1937 933 2001 ἵνα
953 1931 997 2023 μὴ
1021 1930 1220 2016 πόλινπέμ-

122 2056 235 2128 ψωσιν
256 2041 303 2123 είς
323 2049 413 2110 θεοῦ
436 2045 489 2111 καί
509 2045 636 2132 γένηται
657 2042 806 2133 διατριβή
831 2045 865 2111 ἐν
885 2049 932 2132 τῷ
956 2040 1105 2129 δράματι·
1135 2039 1219 2125 ὅπερ

122 2149 327 2240 ῦπόψυχρον.
1234 2163 1266 2216 15

208 2278 278 2346 ΟΟ.
292 2279 354 2343 296
374 2266 415 2344 εὖ
437 2282 477 2365 τῇ
499 2276 678 2369 οἰκονομίᾳ,
706 2276 790 2347 ῶστε
812 2279 856 2367 μη
877 2273 1045 2362 διατριβὰς
1066 2276 1219 2364 γενέσθαι

123 2387 173 2465 τίς
194 2384 211 2452 ό
233 2386 378 2453 καλέσων
402 2383 503 2454 ἐσται.

204 2496 247 2561 ib.
272 2495 333 2560 887
365 2495 414 2573 τίς
434 2485 519 2561 ποθ’
545 2491 662 2584 ηβοήε
697 2486 805 2581 ῦκριυς
835 2500 875 2585 τῇ
903 2493 1073 2583 οἰκονομίᾳ
1098 2491 1136 2578 τό
1157 2519 1220 2578 μα-

121 2609 200 2670 θεῖν
221 2600 279 2671 τόν
301 2605 409 2692 Θησέα
429 2601 471 2671 τοί
492 2600 656 2691 γενόμενα,
687 2602 773 2684 πρός
799 2611 873 2685 ταῖς
900 2605 1034 2683 θυσίαις
1056 2596 1135 2671 όντα
1159 2609 1219 2672 τοῦ

118 2707 249 2780 Ἱππίου
272 2714 492 2796 Ποσειδῶνος,
514 2709 598 2797 ίπέρ
619 2716 678 2780 τοῦ
699 2713 745 2801 μή
767 2709 936 2800 διατριβήν
956 2713 1143 2800 ἐγγενέσθαι
1157 2739 1218 2800 μη·
1232 2730 1267 2782 20

71 2853 78 2862 ·
121 2817 257 2901 νῦοντός
278 2847 375 2902 τινος.

205 2948 328 3014 Electr.
343 2949 424 3014 1344
445 2952 647 3033 θαυμαστῶς
667 2946 751 3032 όπέρ
772 2952 831 3014 τοῦ
852 2948 899 3035 μή
921 2948 1081 3014 ἐπιπλέον
1095 2949 1215 3033 διατρί-

119 3061 200 3142 βειν,
223 3054 266 3135 ῶς
288 3057 342 3121 καί
363 3048 510 3144 Ὀρέστης
534 3057 567 3123 ἐν
589 3062 660 3136 τοῖς
683 3038 877 3141 ἔμπροσθεν
899 3056 1067 3143 <v.1288>
1087 3053 1139 3122 ‘roi
1159 3057 1219 3140 μέν

120 3162 356 3252 περισσεύοντα
376 3170 442 3230 τιῦν
462 3161 567 3251 λόγων
585 3157 692 3254 ιῖφεςῖ

204 3276 247 3341 ib.
272 3277 351 3340 1483
374 3275 518 3361 περισσή
543 3275 605 3360 γαρ
625 3276 678 3341 καί
698 3274 868 3354 α’πίθανος
894 3274 1043 3364 διατριβὴ
1065 3276 1150 3361 πρός
1170 3281 1218 3364 τῷ
1232 3286 1265 3338 25

119 3384 205 3450 τέλει
227 3383 378 3450 ἐκτείνειν
399 3380 514 3470 λόγους
536 3377 606 3450 οῖντί
630 3389 689 3450 τοῦ
712 3378 850 3451 δνελεῖν.

207 3509 262 3574 Ai.
284 3510 344 3575 792
368 3501 424 3576 οῦκ
448 3503 524 3577 οῖδα
544 3511 602 3598 την
624 3506 683 3598 σὴν
703 3513 835 3595 πρᾶξινε
859 3511 945 3596 πρός
966 3508 1004 3577 τό
1026 3507 1110 3596 (μῶν
1133 3505 1218 3578 ὀλῶ-

120 3609 229 3700 λαμεν’
252 3612 410 3705 ἐπήγαγεν
431 3617 448 3683 ό
469 3609 605 3705 όίγγελος
625 3619 703 3704 περί
725 3623 788 3684 τοῦ
799 3615 949 3698 Αἴαντος
961 3615 1072 3704 μόνου.
1096 3612 1139 3686 οῦ
1157 3615 1217 3706 γὰρ

118 3724 273 3807 τοιοῦτός
295 3729 382 3796 ἐστιν
405 3727 422 3794 ό
452 3727 565 3814 καιρός
591 3728 675 3800 ῶστε
703 3731 904 3821 σοφίζεσθαι
931 3733 984 3799 καί
1013 3731 1074 3811 τοῖς
1104 3728 1217 3822 φωνὰς

210 3923 223 3973 1
243 3921 293 3976 cfr.
312 3923 397 3977 schol.
417 3923 471 3979 OT.
483 3927 544 3980 261.
586 3899 587 3902 ἐ

209 4017 226 4068 4
244 4016 320 4071 idem
341 4017 463 4072 fabulam
483 4019 654 4074 extendendi
672 4020 795 4075 studium
813 4020 945 4091 Sophocli
965 4022 1118 4093 exprobrat
1138 4022 1216 4077 scho-

117 4109 200 4164 liasta
219 4113 256 4167 ad
272 4112 315 4166 Αἰ.
335 4131 360 4168 v.
374 4115 451 4168 1123.

194 4210 227 4261 14
245 4211 282 4268 είς
299 4210 366 4262 θεοῦ
384 4209 440 4272 LG,
464 4209 540 4278 quod
556 4210 696 4265 inutiliter
713 4211 742 4265 in
760 4216 798 4271 εἰς
815 4207 884 4267 θεόν
904 4213 1024 4266 mutavit
1044 4211 1142 4267 Elmsl.

188 4305 223 4356 22
242 4303 293 4359 cfr.
312 4305 398 4359 schol.
417 4306 522 4361 Electr.
542 4309 612 4360 1404
629 4325 655 4376 p.
670 4309 713 4363 89.

190 4405 224 4456 26
241 4397 302 4456 ἀντὶ
318 4405 365 4455 τοῦ
382 4399 489 4458 ἀνελεῖν
504 4403 567 4457 εδδ.
587 4403 618 4458 G.
