3000 5176
747 318 808 383 112

311 504 435 572 Electr.
459 505 522 571 469
545 499 617 590 σιμὴ
640 505 718 587 παρ’
744 499 852 584 ύμοῖνι
885 493 1023 588 εύλαβὴς
1047 486 1129 567 οόσα
1149 495 1169 586 ἡ
1192 492 1324 582 Χρυσό-

226 619 327 697 θεμις
349 609 505 698 κρύπτειν
524 605 612 695 ἀξιοῖ
631 608 690 678 τδν
712 607 820 698 χορόν.

308 720 352 786 ib.
375 721 438 787 975
460 721 510 800 τίς
532 716 591 807 γάρ
619 722 696 787 ποτ’
720 711 845 786 ἀστῶνι
877 715 938 803 όρα
967 717 1000 784 ἐν
1027 712 1133 803 τούτῳ
1162 718 1210 801 τῷ
1237 709 1323 801 λόχῳ

226 825 284 908 τοῖς
313 825 531 916 ἐπιχειρήσεις
563 833 621 918 τῆς
652 821 847 915 Ἠλέκτρας,
881 822 930 894 ότι
966 822 1073 892 πάντα
1103 823 1253 891 τέθεικεν
1283 819 1325 888 τὰ

197 927 345 1021 δάχαθά,
370 931 455 1021 ἀπερ
477 930 591 1016 αόταῖς
612 937 769 1021 παρέσται
794 928 983 1013 ἀνελούσαις
1001 932 1059 999 τόν
1080 929 1262 1019 Αῖχισθον,
1283 927 1324 996 τά

227 1043 263 1110 δὲ
290 1043 386 1129 ἕτερα
409 1043 619 1136 ύπεξῄρηκεν,
645 1042 748 1112 όποῖα
777 1046 946 1111 πείσονται
970 1040 1115 1110 ἁλοῦσαι.
1159 1041 1265 1108 καίτοι
1285 1027 1325 1126 ἦν

226 1150 307 1220 κατὰ
328 1150 367 1221 τό
388 1151 504 1234 πάθος
526 1159 584 1243 τῆς
604 1152 781 1240 Ἠλέκτρας
802 1146 933 1221 κάκεῖνα
951 1158 1162 1238 προσθεῖναι,
1190 1148 1241 1218 ὅτι
1268 1175 1323 1216 κα·

225 1262 283 1332 λόν
301 1291 360 1351 μοι
380 1257 568 1332 ἀποθανεῖν
598 1262 684 1332 οῦτω
713 1262 923 1354 δυστυχούσῃ,
960 1262 1063 1332 όποῖα
1092 1263 1146 1329 καῖ
1170 1257 1324 1346 πρόσθεν
1395 1312 1400 1318 .

227 1373 336 1462 ἔλεγεν
353 1379 403 1460 (v.
416 1375 499 1462 821>
519 1371 578 1454 (τός
600 1372 691 1460 χάρις
713 1375 782 1460 μέν,
807 1371 846 1440 ἀν
868 1370 975 1459 θάνω,
1006 1370 1092 1460 λύπη
1120 1373 1147 1438 δ’
1173 1369 1228 1438 ε’ἀν
1251 1364 1322 1454 ζιῦῖ

179 1498 213 1548 10
225 1478 293 1551 ἀλλ’
323 1477 394 1576 ᾔδει
424 1481 462 1551 τό
491 1485 678 1574 περίφοβον
703 1489 761 1573 τῆς
791 1484 1061 1569 Χρυσοθέμιδος,Ι
1093 1479 1177 1549 ὥστε
1205 1478 1323 1548 ἑκοῦσα

224 1592 302 1674 τούς
323 1595 527 1681 δειλοτέρους
555 1600 622 1661 τῶν
651 1591 756 1682 λόχων
778 1590 959 1677 ῦπεξεῖλεν,
991 1589 1074 1659 ὥστε
1096 1590 1178 1678 μηδὲ
1201 1588 1248 1670 εἷς
1271 1586 1324 1656 έν-

226 1727 316 1769 νοιαν
341 1705 408 1766 τοῖν
427 1697 583 1768 κινδύνων
605 1700 728 1788 ἐκείνην
750 1704 955 1789 καταστῆσαι.

309 1810 351 1877 ib.
377 1811 457 1875 1240
477 1803 545 1876 ἀλλ’
570 1803 609 1878 ού
630 1807 689 1876 τάν
704 1802 879 1895 ’Ἀρτεμινι
902 1805 921 1896 ἡ
943 1801 1104 1888 ἀπότασις
1125 1803 1211 1892 πρὸς
1233 1808 1323 1873 Κλυ-

224 1915 451 2007 ταιμνήστραν.
474 1915 536 2005 όρα
558 1920 594 1985 δὲ
614 1915 645 1985 εῖ
667 1917 772 1987 οἰκεῖα
792 1923 893 1984 ταῦτα
915 1922 955 2007 τῇ
975 1910 1134 2006 Ἠλέκτρα
1156 1911 1323 2001 παρόντος

180 2050 212 2101 15
225 2021 384 2114 Ὀρέστου,
407 2024 510 2095 ὁπότε
529 2029 583 2094 καῖ
603 2024 686 2115 μόνη
707 2016 789 2096 οὖσα
809 2031 968 2095 τοσοῦτον
990 2022 1201 2112 ἐθρασύνετο.

309 2140 353 2204 ib.
369 2140 449 2205 1236
472 2134 666 2223 παράκειται
681 2135 806 2226 ἑκάστῳ
828 2135 867 2205 τό
889 2135 1020 2205 οἰκεῖον·
1042 2132 1061 2224 ἡ
1083 2135 1144 2220 μέν
1164 2131 1223 2222 χάρ
1245 2131 1322 2223 μονή

225 2272 261 2313 τε
287 2235 368 2314 οόσα
390 2248 443 2314 καῖ
466 2240 556 2334 παρά
579 2248 781 2333 προσδοκίαν
804 2240 982 2330 εύτνχοῦσα
1003 2245 1191 2331 θρασυτέρα
1218 2245 1322 2311 ἐστίν·

227 2352 245 2423 ό
267 2355 304 2422 δὲ
321 2347 469 2446 ἀσφαλὴς
490 2354 543 2423 διά
564 2355 603 2423 τό
622 2361 677 2423 νῦν
688 2361 823 2442 πρῶτον
837 2355 1014 2440 ἐπιχειρεῖν
1024 2350 1164 2441 τοιούτῳ
1176 2349 1323 2441 κινδύνῳ.

309 2467 364 2532 Ai.
387 2465 428 2530 82
450 2469 634 2555 φρονοῦντα
654 2461 713 2552 γάρ
743 2491 791 2531 νιν
813 2457 871 2531 οόκ
893 2459 931 2529 ἀν
952 2463 1094 2550 ἐξέστηνε
1116 2460 1257 2549 ἑκατέρῳ
1283 2457 1322 2528 τό

178 2593 214 2644 20
227 2570 349 2641 οἰκεῖον
371 2569 567 2658 παράκειται
588 2575 642 2641 καὶ
667 2567 705 2641 ού
727 2571 786 2662 χρὴ
807 2570 847 2639 τά
868 2578 927 2640 τοῦ
948 2566 1126 2652 Ὀδυσσέως
1154 2567 1323 2662 φρονιμώ-

225 2709 305 2770 τερα
325 2679 458 2751 οῖεσθαι
481 2689 547 2750 τοῖν
566 2689 624 2772 τῆς
645 2678 797 2772 Ἀθηνᾶς,
826 2677 894 2751 ἀλλ’
918 2684 1023 2751 έκεῖνο
1046 2687 1193 2763 σκοπεῖν,
1228 2677 1322 2769 ότιὴ

225 2790 386 2878 μὲνμετὰ
406 2795 589 2879 παρρησίας
612 2795 791 2880 διαλέγεται
803 2789 848 2873 τός
865 2790 957 2873 θεός·
982 2793 1051 2860 όδὲ
1071 2790 1323 2876 ύπεσταλμένως

226 2897 272 2981 αῖς
302 2900 426 2997 θνητός
451 2903 508 2970 τόν
540 2901 653 2990 καιρόν
679 2900 751 2993 ὁρᾷ,
782 2899 833 2971 ότι
858 2899 960 2988 όμόσε
989 2906 1136 2990 χωρῆσαι
1157 2905 1197 2991 τῇ
1223 2900 1324 2988 μανίᾳ

225 3015 285 3078 τοῦ
307 3011 431 3097 ἐχθροῦ
453 3005 512 3095 ούχ
533 3008 677 3098 ἁρμόζει.

177 3135 212 3188 25
310 3121 355 3187 ib.
374 3122 416 3187 80
448 3122 521 3207 ἐμοὶ
552 3123 612 3207 μέν
644 3115 753 3207 ἀρκεῖς
790 3121 922 3209 μέτριον
954 3117 1160 3211 διεφελάχθη
1191 3118 1230 3187 τό
1264 3123 1324 3186 τοῦ

224 3222 401 3310 Ὀδυσσέως
424 3217 520 3317 ἦθος,
545 3227 599 3297 διὰ
618 3227 657 3298 τό
679 3227 724 3319 μὴ
747 3230 907 3319 ἐντρυφᾶν
927 3233 999 3308 τοῖς
1019 3235 1141 3308 κακοῖς.

300 3467 333 3520 16
353 3466 473 3523 schol.V
492 3469 583 3524 Λ678
602 3462 708 3538 ἑκάστῳ
726 3466 757 3523 τὸ
777 3471 878 3524 οἰκεῖον
897 3465 1057 3540 ἀπένειμεν.

300 3564 333 3616 17
352 3557 427 3633 παρά
445 3580 499 3618 om.
517 3562 549 3618 L.

297 3661 333 3713 20
352 3658 407 3714 OT.
428 3661 444 3714 9
462 3656 594 3721 εὐτάκτως
612 3656 718 3730 ἑκάστῳ
744 3657 775 3715 τὸ
794 3662 860 3716 δεον
877 3657 1035 3733 ἀπένειμεν·
1055 3657 1100 3713 διὰ
1113 3659 1169 3731 μὲν
1186 3659 1241 3712 τῶν
1259 3663 1322 3712 παί-

226 3755 284 3808 δων
302 3752 351 3810 τὸν
369 3756 460 3811 ολκτον
478 3758 524 3824 τῆς
541 3761 660 3816 ἱκετείας·
679 3755 725 3810 διὰ
745 3757 776 3810 δὲ
794 3757 841 3810 τοῦ
860 3751 1011 3827 πρεσβύτου
1029 3755 1044 3823 ἡ
1062 3753 1132 3828 πρὸς
1147 3752 1322 3822 τὸνβασιλέα

225 3846 376 3923 απόκρισις.
413 3853 457 3908 Ai.
480 3856 548 3906 1024
572 3855 659 3913 καλῶς
683 3854 714 3907 δὲ
738 3855 769 3928 τῇ
795 3853 850 3925 μὲν
880 3848 1028 3925 Τεκμήσσχ
1057 3852 1176 3922 περιῆψε
1204 3848 1235 3904 τὸ
1257 3866 1322 3903 σκε-

226 3939 314 3999 πόσαι
333 3942 416 4000 αὐτὸν
441 3943 478 4005 τός
500 3952 622 4014 γυναικί·
650 3948 687 4016 τῷ
711 3947 743 4000 δὲ
773 3941 882 4017 Τεύκρῳ
909 3945 944 4006 τός
969 3943 1050 4018 ἀνδρὶ
1077 3949 1122 3999 καὶ
1146 3941 1260 4017 ἀδελφῷ
1288 3944 1321 3998 τὰ

227 4042 325 4095 δέοντα
342 4044 432 4096 ποιεῖν
449 4046 513 4112 περὶ
529 4038 560 4096 τὸ
579 4045 669 4114 σῶμα.
705 4043 791 4097 schol.
803 4043 852 4098 BV
871 4050 900 4096 K
907 4046 959 4097 382
978 4044 1095 4113 ἑκατέρῳ
1113 4037 1255 4112 προσώπῳ
1273 4039 1323 4109 τὴν

217 4142 390 4210 πρέπουσαν
407 4134 541 4212 ἀπένειμε
560 4141 665 4209 πρᾶξιν.
700 4135 772 4193 ὅπου
788 4140 844 4211 μὲν
863 4138 916 4211 γὰρ
934 4136 1074 4194 ἀκοντίσαι
1101 4142 1147 4191 καὶ
1173 4144 1323 4209 κατασχεῖν

225 4233 275 4290 τὸν
293 4240 430 4308 πολέμιον
443 4229 612 4308 χρεία,’ὲιιεῖ
625 4231 768 4308 Διομήδης
786 4238 898 4308 ἐνεργεῖ,
917 4233 988 4290 ὅπου
1006 4236 1037 4289 δὲ
1059 4229 1143 4306 λόγον
1162 4234 1257 4288 δοῦναι
1276 4237 1322 4288 καὶ

226 4336 320 4402 λαβεῖν
337 4337 382 4386 καὶ
400 4329 537 4399 ἀπατῆσαι
557 4328 606 4388 τὸν
626 4335 769 4404 πολέμιον,
786 4327 937 4392 Ὀδυσσεύς.
