3000 5176
666 306 705 372 71

238 491 347 559 Aliter
369 516 423 557 res
446 516 481 558 se
504 493 602 558 habet
625 491 658 558 in
682 490 813 556 scholiis
837 491 1084 558 Homericis.
1107 493 1140 557 in
1164 494 1231 578 qui-

136 605 197 670 hus
229 624 312 688 quae
346 603 388 668 sit
419 604 535 667 harum
569 602 834 668 observationum
861 601 1009 668 condicio
1043 603 1233 690 priusquam

137 713 329 779 adumbrare
344 734 509 793 conemur,
533 735 635 798 pauca
655 711 900 798 praemonenda
922 723 997 776 sunt
1020 712 1060 777 de
1080 715 1234 777 universa

138 822 333 887 scholiorum
360 821 499 906 quaein
524 821 650 886 duobus
674 819 842 885 codicibus
864 820 1003 885 Venetis
1028 831 1141 885 extant
1162 844 1235 886 con·
1294 856 1296 859 ·

138 930 278 1012 dicione,
300 953 395 1014 quam
408 952 513 1016 nuper
526 930 721 993 Valentinus
734 928 850 994 Rosius
863 929 896 992 in
909 928 1099 993 Aristotelis
1114 930 1233 1014 pseud·

139 1039 312 1128 epigraphi
333 1039 498 1104 volumine
522 1038 625 1124 primo
647 1061 678 1124 p.
693 1038 751 1102 153
764 1060 835 1122 sqq.
852 1039 1035 1103 accuratius
1050 1039 1232 1126 descripsit.

140 1169 182 1211 ex
204 1147 274 1212 eius
297 1148 431 1235 perutili
454 1148 584 1232 quidem
609 1159 641 1212 at
664 1148 815 1213 intricata
846 1160 877 1213 ct
900 1150 1074 1214 intellectu
1103 1173 1167 1215 non
1190 1151 1235 1214 fa·

139 1256 193 1321 cili
216 1257 488 1322 commentatione
510 1258 704 1340 gravissima
729 1258 781 1323 hic
805 1257 902 1322 liceat
927 1269 1087 1345 repetere.

238 1366 314 1431 Tria
328 1365 559 1449 distinguenda
573 1377 650 1432 sunt
671 1367 704 1431 in
721 1367 847 1432 duobus
869 1367 933 1433 illis
955 1368 1120 1433 codicibus
1144 1370 1236 1434 scho-

138 1472 258 1538 liorum
281 1495 416 1558 genera,
441 1497 542 1538 unum
565 1474 598 1538 in
620 1475 692 1540 cod.
707 1475 792 1538 Van.
808 1475 849 1556 A,
865 1474 930 1540 due
956 1476 990 1539 in
1011 1476 1080 1542 eod.
1098 1477 1183 1542 Ven.
1197 1478 1235 1543 Β.

139 1583 246 1648 codex
269 1583 356 1647 enim
378 1583 406 1646 B
431 1595 561 1669 praeter
585 1583 698 1650 Iliadis
728 1592 856 1648 textum
887 1584 921 1649 in
948 1595 1126 1670 utroque
1152 1610 1237 1652 mar-

139 1691 217 1776 gine
241 1692 261 1758 i.
286 1714 313 1756 c.
336 1692 492 1757 interiore
514 1704 546 1757 et
571 1694 735 1759 exteriore
757 1695 881 1760 scholia
904 1695 1038 1759 exhibet
1060 1695 1237 1779 diligenter

139 1810 172 1866 et
198 1801 377 1866 litterarum
403 1800 626 1885 magnitudine
647 1812 679 1866 et
701 1803 773 1867 loco
794 1803 880 1867 inter
903 1824 938 1868 se
959 1803 1120 1883 distincta,
1152 1827 1233 1891 quae

141 1932 274 1996 prorsus
297 1908 448 1975 diversae
471 1911 655 1975 recensioni
683 1910 845 1996 originem
872 1911 1003 1976 debent.
1024 1911 1237 1977 interioris

96 2069 99 2073 .
141 2018 297 2102 marginis
320 2018 444 2083 scholia
469 2019 584 2083 codem
607 2020 745 2085 subinde
773 2021 863 2084 fonte
887 2021 1034 2086 nituntur
1057 2044 1095 2086 ac
1113 2022 1237 2087 scholia

141 2127 212 2194 eod.
230 2128 262 2192 A
293 2137 325 2190 et
353 2127 516 2192 interdum
543 2129 669 2192 easdem
697 2153 750 2192 res
779 2128 886 2192 uerbis
914 2143 969 2192 ast
997 2129 1158 2193 similibus
1180 2145 1238 2195 aet

144 2236 232 2325 quod
250 2239 361 2299 rarius
385 2240 488 2299 evertit
512 2236 630 2299 eisdem
646 2235 726 2320 fere
747 2237 899 2301 reddunt.
931 2237 1056 2301 fontem
1079 2238 1172 2303 illum
1194 2261 1236 2304 ex

143 2367 207 2430 quo
232 2354 344 2409 auctor
360 2344 560 2409 scholiorum
573 2345 669 2409 codd·
681 2345 713 2410 A
727 2355 759 2410 et
772 2345 797 2407 B
811 2345 870 2410 int.
883 2368 924 2410 m.
941 2345 1056 2429 hausit,
1078 2348 1239 2413 recentio-

141 2476 211 2518 rem
226 2452 411 2541 Porphyrio
436 2474 507 2518 esse
528 2451 643 2518 Rosius
667 2453 805 2538 collegit
828 2476 871 2517 ex
893 2453 995 2521 schol.
1010 2456 1042 2518 A
1057 2456 1157 2538 Aes,
1181 2456 1237 2521 ubi

142 2562 348 2652 Porphyrius
369 2562 500 2629 nomine
523 2561 648 2627 citatur.
673 2564 712 2626 ab
732 2562 781 2626 his
799 2561 926 2628 duobus
942 2564 1185 2629 commentariis
1199 2565 1238 2647 is,

143 2677 197 2763 qui
220 2678 253 2742 iu
278 2677 497 2742 exteriore
523 2676 593 2741 eod.
609 2678 636 2742 B
659 2677 808 2763 margine
825 2679 967 2765 scriptus
982 2689 1041 2762 est,
1057 2688 1124 2742 toto
1146 2680 1236 2744 eaelo

145 2787 252 2852 distat.
301 2809 377 2850 nam
404 2807 485 2870 quae
514 2785 593 2850 tanti
624 2786 720 2871 pretii
741 2797 817 2851 sunt
838 2787 872 2851 in
896 2787 1016 2852 cod.A
1042 2788 1238 2853 observatio-

145 2919 203 2961 nes
237 2906 388 2980 quattuor
425 2895 713 2980 grammaticorum
747 2896 926 2961 Aristonici
956 2896 1094 2983 Didymi
1134 2897 1237 2962 Hero·

146 3004 232 3069 diani
253 3003 438 3086 Nicanoris,
462 3003 571 3068 nullae
597 3004 753 3087 leguntur
775 3005 809 3068 in
835 3005 949 3070 eodss
971 3016 1073 3071 exter.
1086 3030 1139 3090 ιιι,
1164 3030 1238 3071 eum

144 3116 171 3180 B
193 3115 286 3181 inter.
301 3117 528 3181 mnonuullas
548 3138 626 3181 sane
648 3139 720 3180 cum
745 3116 777 3180 A
799 3115 917 3180 habeat
941 3138 1140 3181 communes.
1164 3116 1237 3180 cod.

145 3226 172 3289 B
196 3235 298 3290 exter.
323 3247 364 3289 m.
389 3235 503 3290 contra
525 3225 657 3312 propria
680 3235 755 3291 sunt
779 3225 908 3308 integra
932 3224 1110 3311 Porphyrii
1136 3224 1238 3289 Hera-

145 3334 214 3398 cliti
237 3333 435 3419 Diogeniani
459 3334 653 3418 fragmenta,
689 3356 770 3418 quae
799 3334 891 3398 nulla
918 3332 1048 3397 suntin
1073 3334 1115 3399 A.
1163 3335 1241 3398 licet

146 3443 232 3508 enim
261 3453 373 3508 auctor
402 3442 624 3506 commentarii
649 3447 680 3508 A
712 3442 887 3530 Porphyrii
921 3464 1001 3528 opus
1032 3442 1085 3506 hic
1114 3442 1182 3508 illie
1205 3442 1239 3506 in

144 3576 239 3617 usum
259 3576 352 3618 suum
377 3553 585 3633 converterit,
614 3554 687 3636 ipsa
714 3551 898 3638 Porphyrii
925 3552 1023 3615 verba
1050 3556 1241 3640 intepruqec

147 3665 368 3750 quaestionum
392 3659 642 3724 Homericersm
664 3659 855 3747 fragmenta
876 3663 910 3724 in
933 3665 1096 3725 cauteriare
1119 3676 1242 3725 lantum

146 3770 217 3834 eod.
234 3768 262 3832 Β
283 3771 430 3855 marpissa
454 3770 614 3853 leguntur.
637 3769 755 3857 iterum
770 3768 796 3831 B
813 3770 909 3834 inter.
923 3793 964 3833 ιιι.
977 3769 1122 3833 medium
1139 3778 1242 3833 tenet.

146 3901 221 3943 nam
255 3889 290 3942 ut
325 3887 477 3962 quattuor
509 3878 639 3942 illorum
671 3879 958 3961 grammaticorum
982 3889 1074 3942 notas
1108 3900 1181 3942 cum
1209 3879 1239 3942 A

146 3988 244 4053 habet
262 4009 462 4069 communes,
483 3987 537 4062 ita
549 3989 591 4050 ex
616 3986 860 4072 quaestionibus
884 3985 1063 4072 Porphyrii
1078 3985 1242 4050 Homeri-

147 4098 193 4164 cis
227 4099 326 4181 longe
360 4097 455 4185 plura
484 4095 629 4173 exhibet,
659 4117 754 4179 quam
777 4094 820 4176 A,
845 4103 878 4158 at
899 4095 1019 4179 ubique
1049 4093 1083 4156 in
1109 4093 1241 4158 brevius

148 4219 324 4276 contracta.
370 4209 431 4273 bac
464 4207 662 4273 scholiorum
693 4204 887 4270 condicione
918 4213 1091 4291 perspecta
1112 4205 1174 4268 iam
1202 4203 1243 4267 ad

148 4329 289 4384 nostram
314 4329 515 4383 transeamus
540 4317 776 4402 quaestionem.
