3000 5176
643 339 682 402 99

116 523 170 587 λεν
196 519 395 589 Ἱππόλυτον
403 575 411 606 ,
444 520 528 590 σίλλδ
561 522 850 612 προτετραγηίδηκε
887 529 945 612 τῆς
979 525 1122 608 Φαίδρας
1153 523 1211 610 την

114 624 262 716 άγιονίαν.

198 742 241 808 ib.
265 741 326 807 659
349 746 408 807 νῦν
429 744 456 809 δ’
480 743 515 807 έν.
536 738 649 826 δόμιυν
668 743 743 827 μένε
766 783 807 791 —-
830 739 848 809 ὁ
873 739 1014 830 ποιητής
1046 740 1211 826 οἰκονομι-

114 846 244 915 κώτατα
264 854 367 916 τοῦτο
392 846 595 936 ἐξεργάζεται
617 848 670 918 διά
684 857 744 937 τῆς
758 856 816 918 τοῦ
835 845 1030 916 Ἱππολύτου
1049 842 1211 928 άπουσίας

115 957 263 1040 ἐξουσίαν
284 955 397 1037 διδοδς
418 964 457 1048 τῇ
476 960 602 1048 Φαίδρη
621 956 821 1046 ἐργάσασθαι
843 956 901 1047 την
919 953 1056 1047 άγχόνην
1075 960 1129 1025 καί
1150 958 1241 1046 τήνδ

115 1065 268 1155 διαβολὴν
289 1060 393 1134 αὐτοῦ
414 1069 472 1156 την
493 1066 546 1135 διά
566 1066 775 1155 γραμμάτων,
797 1071 850 1136 ἵνα
869 1065 1013 1157 ἦδέλτος
1034 1070 1088 1135 καί
1108 1065 1127 1156 ἦ
1148 1073 1211 1135 τοῦ

113 1172 307 1242 Ἱππολύτου
331 1176 447 1262 ἐρημία
467 1174 671 1263 πιστώσηται
694 1175 752 1265 την
765 1178 958 1265 κατηγορίαν
976 1183 1036 1266 τῆς
1055 1179 1211 1263 μοιχείας.

197 1286 320 1351 Electr.
335 1286 416 1350 1384
435 1281 616 1371 παρατηρει
638 1287 683 1367 δὲ,
706 1282 758 1353 ὅτι
782 1286 838 1353 ἐπί
859 1287 918 1371 μὲν
939 1291 978 1377 τῇ
1000 1291 1063 1353 τοῦ
1077 1279 1210 1373 άγγέλου

114 1395 279 1482 παρουσίᾳ
301 1400 538 1479 πρσοικονομεῖ
560 1391 577 1461 ό
598 1391 736 1483 ποιητὴς
760 1393 823 1479 ἔξω
847 1397 1023 1480 διατρίβειν
1043 1397 1103 1484 την
1123 1398 1234 1463 Κλυ-*»

113 1497 341 1590 ταιμνήστραν,
363 1505 404 1569 δι’
425 1495 464 1581 δίς
484 1503 693 1588 προείπομεν
714 1502 828 1583 αἰτίας.
1227 1520 1260 1569 10

197 1612 240 1678 ib.
254 1613 315 1677 448
340 1617 625 1696 προοικονομικώς
647 1606 841 1681 ἀποστέλλει
865 1607 971 1701 αὐτην
993 1610 1211 1703 ἑςτδντάφον

114 1721 170 1787 ἐπί
192 1719 230 1787 τό
254 1717 366 1806 εὑρεῖν
386 1717 445 1787 τδν
466 1718 647 1807 βόστρυχον
668 1714 826 1807 Ὀρέστου.

198 1830 324 1898 01128
347 1825 458 1914 οἰομαι
483 1831 518 1897 δὲ
540 1832 610 1897 δεῖν
633 1823 744 1898 οδδένε
760 1825 885 1898 -οἷον
899 1825 1007 1899 οδκέτι
1030 1833 1099 1898 δεῖν
1123 1830 1210 1900 ἔοικε

114 1943 297 2024 προϊοῦσαν
317 1936 500 2023 μανθάνειν
522 1941 601 2025 περί
621 1945 683 2005 τοῦ
699 1936 817 2008 τόπου.
840 1944 946 2020 καλώς
968 1942 1003 2008 δὲ
1025 1942 1066 2006 τά
1087 1946 1145 2030 τῆς
1166 1941 1210 2009 οἰ-

113 2047 275 2131 κονομίας,
300 2044 418 2136 ἵναμὴ
439 2045 541 2131 μόνος
566 2047 726 2127 Οἰδίπους
748 2042 955 2139 άπολειφδῇ.
1227 2067 1259 2118 15

198 2157 322 2223 16551
347 2158 481 2222 πολλῶν
508 2149 659 2224 άκοόιονε
692 2155 831 2245 χρηστός
857 2155 875 2225 δ
903 2156 1032 2247 Θησεδς
1058 2160 1097 2226 τό
1123 2149 1211 2250 ἦθος

115 2264 291 2352 εἰσάγεται·
316 2266 369 2332 καί
395 2263 536 2348 ἔχεικαὶ
561 2270 663 2332 τοῦτο
686 2272 743 2354 τῆς
766 2265 953 2352 οἰκονομίας
974 2264 1161 2352 δεξιώτατα.

198 2682 314 2766 Antig.
339 2684 399 2747 100
418 2681 509 2761 α’κτίς
531 2674 660 2748 οἰελίουε
697 2677 834 2760 σόνοδός
862 2705 960 2747 τινων
984 2682 1137 2769 Θηβαίων
1160 2707 1212 2768 γε·

114 2786 248 2875 ρόντιον,
270 2791 306 2873 ἐξ
325 2777 372 2857 ών
396 2787 413 2856 ό
435 2791 534 2876 χορδς
554 2791 755 2878 συνέστηκεν.
776 2787 1008 2875 μετάπεμπτοι
1020 2791 1055 2857 δὲ
1069 2790 1212 2858 ἐοίκασιν

114 2885 206 2966 οὗτοι
228 2895 296 2965 όπδ
319 2903 377 2964 τοῦ
401 2898 567 2984 Κρέοντος
588 2902 790 2986 γεγενῆσθαι,
825 2899 899 2965 ἐπεὶ
922 2901 976 2964 καί
997 2895 1055 2978 τοίς
1077 2896 1211 2988 προφά-
1223 2910 1259 2961 20

112 3033 182 3088 σεις
202 3011 260 3095 της
281 3002 412 3074 εἰσόδου
436 3011 503 3072 τών
524 3010 633 3092 χοριῦν
653 3002 804 3085 πιθανός
825 2999 907 3072 εἰναι
928 3007 995 3072 δεῖ·
1018 3008 1071 3073 καί
1094 3005 1208 3096 ἐπειδη

114 3112 355 3203 κατωρθώκασι
374 3120 414 3206 τῇ
435 3116 618 3204 προτεραίᾳ
639 3112 700 3194 τοίς
712 3111 833 3202 Θήβας,
853 3116 908 3180 καί
930 3111 960 3181 οἰ
982 3106 1109 3201 δίριστοι
1130 3114 1209 3183 πάν-

113 3254 167 3308 τες
188 3233 254 3295 τών
274 3221 430 3314 Ἀργείαν
457 3220 638 3318 ἀνῄρηνται,
669 3223 805 3305 είκότιος
834 3231 1023 3312 περιχαρεῖς
1053 3224 1127 3312 εἰσι,
1157 3229 1211 3292 καί

113 3344 152 3429 τῇ
175 3334 330 3427 παροόση
351 3334 458 3426 ἡμέρην
481 3329 739 3424 εδχαριστοῦσιν.

199 3448 269 3515 OT.
290 3449 348 3514 112
370 3444 497 3533 πότερα
519 3448 546 3512 δ’
571 3446 605 3512 ἐν
625 3440 745 3523 οἰκοιςε
777 3440 822 3523 ώς
847 3443 982 3522 σσνετδς
1008 3441 1025 3510 δ
1052 3443 1211 3524 Οἰδίπους
1223 3457 1259 3510 25

205 3703 217 3752 1
238 3700 349 3769 Hippol.
368 3703 420 3755 656
440 3693 469 3754 εδ
488 3702 514 3754 δ’
533 3707 593 3756 ἴσθι
616 3695 738 3772 τούμόνι
768 3696 818 3753 οὐκ
844 3700 901 3753 ἔστι
928 3693 1058 3770 φορτικὸς
1084 3694 1099 3750 ὀ
1122 3690 1210 3766 λόγος,

114 3789 181 3846 ἀλλὰ
199 3795 306 3866 μᾶλλον
323 3796 368 3862 τῆς
387 3793 510 3864 ὑποψίας
528 3797 575 3849 τοῦ
593 3790 789 3868 ἁμαρτήματος
798 3789 1000 3864 θεραπευτικός.
1019 3786 1035 3858 ἢ
1053 3786 1123 3863 τάχα
1142 3811 1211 3862 προ-

114 3891 251 3960 τραγῳδεῖ
267 3888 298 3943 ιδ
316 3886 409 3951 πάθος
427 3893 549 3947 τοιοῦτον
566 3892 669 3965 μικρὸν
684 3888 805 3962 ὕστερον,
831 3891 878 3944 ἐπὶ
896 3883 1066 3959 καταγνώσει.
1085 3892 1212 3960 μοιχείας

114 3987 203 4040 παιών
220 3982 465 4060 κατηγορούμενον.

189 4086 221 4136 10
240 4102 264 4138 v.
284 4084 368 4138 schol.
387 4084 491 4139 Electr.
511 4086 564 4138 660
582 4101 609 4152 p.
621 4086 679 4137 103.

188 4182 220 4232 17
238 4181 284 4233 ἐπὶ
303 4181 376 4249 quod
397 4187 463 4236 ante
481 4181 559 4235 τοῦτο
578 4179 663 4233 habet
681 4179 704 4232 L
723 4178 827 4233 delevit
844 4178 890 4233 Br.
925 4177 975 4232 cfr.
994 4177 1079 4232 schol.
1092 4176 1146 4232 OT.
1157 4179 1209 4229 326

115 4309 147 4318 -
167 4280 224 4350 ἔχει
245 4270 293 4334 οὖν
312 4279 344 4334 τὰ
367 4283 412 4348 τῆς
435 4282 589 4340 διαθέσεως
608 4272 713 4350 ίίρισῐα.

186 4378 220 4431 22
238 4373 285 4436 τὰς
305 4371 395 4446 Θήβας
413 4377 495 4433 Dind.
514 4394 548 4432 ex
566 4376 590 4434 G
608 4379 633 4430 οἱ
655 4379 766 4445 Θηβαῖοι
789 4374 885 4430 Elmsl.
