3000 5176
676 290 679 295 ’
714 335 775 402 123

195 519 370 611 σιγησάσης
391 521 446 589 διὰ
463 519 524 610 την
546 521 749 610 έπιτίμησιν·
779 517 823 589 ου’
844 518 907 610 μην
928 520 1014 610 πρός
1034 526 1132 589 τοῦτο
1154 514 1294 608 ἀποκρί-

161 639 166 646 ’
196 655 285 702 νεται
307 632 325 702 ό
347 630 453 719 Αἴας,
481 627 549 701 ἄλλ’
578 629 752 719 άνοιμιόζει
782 632 897 701 πάλιν·
931 632 1001 702 έστι
1019 631 1077 720 γὰρ
1110 634 1164 700 καὶ
1190 636 1292 699 τοῦτο

194 741 281 812 ἰ’όιον
301 749 368 811 τῶν
387 741 585 829 καμνόντων,
607 741 691 811 ὥστε
713 744 757 831 μὴ
780 737 981 823 οἷκολοόθιος
1002 743 1221 832 φθέγγεσθαι.
1250 834 1252 839 Ι

279 854 400 921 Ελεσλν.
426 855 505 920 1178
527 858 629 921 τοῦτο
654 849 790 921 δύναται
812 855 871 939 μὲν
892 855 945 919 καί
966 853 986 940 ἡ
1008 853 1166 936 Ἠλέκτρα
1180 852 1292 938 λέγειν·

195 957 460 1050 εὐπρεπέστερον
493 965 528 1031 δέ
560 968 607 1052 τη)
640 969 728 1052 χορῷ
761 948 952 1050 περίκειται,
983 964 1036 1028 ἵνα
1064 960 1109 1049 μη
1132 961 1210 1047 περὶ
1230 963 1321 1026 τοῦδ

195 1070 315 1160 ἑαυτῆς.
334 1069 442 1152 εἴδους
463 1069 540 1161 εῖπη
564 1074 620 1158 τι]

653 1331 833 1402 ΠΑΘΟΣ

281 1525 422 1592 OT.261
449 1522 481 1590 αῖ
506 1529 656 1591 τοιαῦται
676 1523 796 1592 έννοιαι
822 1519 879 1591 οόκ
903 1523 1030 1607 ἔχονται
1053 1526 1113 1609 μέν
1133 1530 1194 1597 τοῦ
1216 1550 1295 1609 σεμ-

196 1637 257 1700 νοῦ
280 1634 436 1720 κινητικαί
468 1633 504 1699 δέ
524 1632 587 1700 είσι
609 1638 668 1701 τοῦ
690 1631 847 1720 θεάτρου.
890 1629 945 1714 αἷς
965 1637 1019 1701 καὶ
1040 1631 1211 1720 πλεονάζει
1232 1627 1296 1702 Eu-

197 1741 339 1829 ριπίδης,
363 1738 381 1809 ὁ
405 1743 440 1809 δέ
466 1743 640 1832 Σοφοκλῆς
673 1738 760 1828 πρός
791 1740 891 1826 βραχέι
924 1744 984 1828 μέν
1015 1745 1123 1810 αι’·τιόν
1145 1741 1293 1826 ἅπτεται,

196 1846 282 1935 πρός
302 1849 341 1917 τό
364 1856 491 1939 κινῆσαι
509 1850 549 1917 τό
570 1851 724 1935 θέατρον.
1311 1863 1344 1914 10
1422 1876 1426 1933 ξ

279 1961 322 2025 ib.
347 1962 403 2025 141
429 1963 482 2028 καί
503 1965 600 2027 τοῦτο
624 1956 787 2047 κινητικόν
802 1966 863 2027 τοῦ
888 1957 1045 2046 θεάτρου·
1068 1957 1190 2047 τάγάρ·
1207 1962 1296 2029 έναν-
1376 2018 1379 2023 .
1466 1956 1470 1961 ’

196 2069 250 2134 τία
270 2061 489 2157 άποβησεται.

280 2179 401 2285 Ελευλρ.
430 2181 471 2246 86
496 2172 677 2269 ὀλόφυρσις
702 2181 770 2248 ε’στι
798 2185 858 2268 τῆς
877 2180 1053 2264 Ἠλέκτρας
1080 2181 1113 2247 ἐν
1141 2185 1213 2259 ταῖς
1233 2205 1297 2264 μο-

198 2292 335 2378 νῳδίαις,
354 2289 437 2376 ὅπερ
453 2291 595 2382 σύνηθες
616 2300 687 2374 τοῖς
709 2301 873 2382 τραγικοῖς
886 2292 1049 2381 κινητικόν
1065 2299 1124 2361 τοῦ
1138 2294 1296 2374 πένθους.

280 2401 335 2468 Ai.
360 2403 442 2468 1169
465 2398 623 2486 πάρεστιν
647 2400 667 2490 ἦ
692 2404 863 2490 Τέκμησσα
886 2404 969 2487 μετά
995 2407 1055 2470 τοῦ
1078 2399 1215 2483 παιδός·
1239 2397 1297 2486 οὐχ
1312 2410 1343 2461 15

197 2507 249 2579 ότι
269 2511 305 2579 δέ
327 2507 419 2578 ῖκανά
439 2509 480 2579 τά
501 2510 670 2599 πρόσιοπα
694 2509 833 2602 φυλάξαι
855 2509 894 2577 τό
916 2517 1021 2598 σῶμα,
1044 2507 1111 2578 ἀλλ’
1135 2508 1187 2579 ὅτι
1208 2517 1295 2600 κινῆ-

197 2644 251 2687 σαι
275 2617 406 2688 δυνατά.

280 2732 322 2796 ib.
339 2731 418 2797 1182
432 2734 539 2811 καλῶς
553 2732 668 2817 ἐγείρει
689 2732 770 2810 τούς
792 2727 994 2825 στρατιώτας
1015 2727 1101 2814 πρός
1120 2725 1294 2818 βοήθειαν·

196 2836 254 2905 τόν
275 2839 311 2906 δέ
335 2840 438 2905 παῖδα
458 2836 545 2926 πρός
567 2833 678 2931 οἶκτον
700 2836 920 2924 προβάλλεται
941 2841 1018 2905 καθ’
1042 2836 1177 2926 ἡλικίαν.

280 2949 403 3013 Phoon.
430 2948 510 3014 1606
532 2948 586 3013 καὶ
618 2952 720 3014 τοῦτο
744 2939 881 3033 εόηθες·
915 2941 954 3013 οό
972 2945 1034 3034 γάρ
1057 2948 1175 3013 δοῦλον
1196 2941 1296 3014 αότόν
1309 2965 1344 3015 20

197 3056 352 3142 έποίησεν
374 3053 391 3122 ό
413 3052 578 3140 Πόλυβος,
602 3055 646 3135 ιός
668 3059 721 3123 καί
744 3054 763 3143 ἡ
784 3049 927 3143 Ἰοκάστη
950 3058 1051 3146 φησίν
1072 3061 1121 3142 (v.
1131 3059 1192 3139 30>
1209 3053 1242 3144 ζἡ
1260 3056 1296 3123 δὲ
1374 3111 1377 3116 .

196 3162 254 3231 τόν
273 3164 352 3250 έμόν
375 3159 502 3233 σίόίνιον
522 3163 628 3233 πόνον
658 3173 796 3251 μαστοῖς
818 3163 939 3255 άηιεῖτο
969 3167 1022 3232 καὶ
1051 3163 1151 3233 πόσιν
1179 3166 1297 3232 πείθει

197 3269 324 3359 τεκεῖν’,
348 3271 432 3342 ιῖίστε
454 3272 526 3356 υἱός
545 3276 721 3360 ἐνομίζετο.
745 3268 826 3340 άλλά
847 3275 963 3364 φαμὲν,
983 3272 1035 3342 ὅτι
1058 3276 1151 3341 ένεκα
1169 3280 1228 3340 τοῦ
1249 3273 1296 3354 εἷς

198 3377 309 3450 οἶκτον
329 3390 458 3472 κινῆσαι
482 3383 559 3465 τοῖς
584 3386 775 3470 θεωμένους
803 3390 905 3451 ταῦτα
927 3382 944 3451 ό
966 3378 1149 3473 Εὐριπίδης
1169 3379 1297 3466 ε’τεχνά-

198 3515 289 3575 σατο,
310 3488 330 3581 ἢ
352 3488 403 3559 ὅτι
426 3489 457 3558 οἱ
468 3490 684 3579 βαρυνόμενοι
698 3499 885 3582 συμφοραῖς
904 3491 970 3560 ono*
987 3493 1203 3580 προκειμένης
1218 3516 1295 3576 συμ-
1310 3509 1344 3560 25

198 3607 304 3693 φορᾶς
325 3605 378 3669 καὶ
399 3600 456 3682 τάς
478 3605 641 3691 προτέρας
656 3597 862 3687 εὐδαιμονίας
875 3603 1046 3685 δυστυχίας
1060 3596 1295 3668 α’ποκαλοῦσιν.

201 3794 304 3854 ζεσθαι,
333 3785 384 3860 οὐχ
410 3788 446 3848 ὠς
464 3819 499 3829 -
517 3790 676 3849 ἐξουθενεῖτε
699 3788 878 3859 transpositis
909 3788 1070 3852 enuntiatis,
1098 3792 1129 3841 ut
1154 3787 1297 3856 proposui,

199 3887 339 3956 oppositio
357 3887 414 3954 illa,
442 3906 513 3956 quae
538 3891 704 3957 expectatur
729 3883 782 3957 οὐχ
801 3885 837 3946 ὡς
857 3881 1034 3958 αἰχμάλωτον
1052 3886 1209 3950 ἒξοεθενῶν,
1229 3879 1297 3951 [ἀλλ’

199 3981 235 4043 ὥς
252 3986 283 4056 τῇ
294 3987 401 4052 γυναικὶ
412 3976 674 4054 παρρησιαζόμενος]
689 3981 770 4036 focile
782 4000 816 4036 ox
827 3984 871 4046 iis,
882 4001 952 4051 quae
963 3985 1125 4050 sequuntur,
1142 3981 1296 4049 suppletur.

289 4082 387 4153 6ε1πη
405 4101 427 4132 τι
447 4079 472 4132 V
490 4080 553 4133 εἶπέ
568 4100 591 4132 τι
611 4079 642 4132 L.

271 4177 306 4228 20
326 4175 376 4230 ofr.
398 4193 424 4244 p.
435 4177 477 4230 66.

271 4271 550 4325 24seh01.Bu550
573 4264 668 4337 ηόξησε
687 4269 717 4323 τὸ
740 4262 885 4326 πάθος-
906 4272 950 4320 καὶ
976 4272 1014 4327 εἰς
1041 4269 1132 4320 οἶκτον
1158 4274 1227 4320 κινεῖ
1249 4265 1297 4321 τόν

198 4365 344 4439 άιιροιιτην.
