3000 5176
745 344 803 407 108

309 525 378 592 OT.
403 525 463 590 873
487 522 579 609 ύβρις
600 521 738 614 φυτεύει
764 521 940 610 τύραννοντ
973 563 1014 575 -
1036 528 1218 610 ταῦταμὲν
1240 527 1322 614 φησὶ

225 630 380 718 περὶτῆς
402 625 574 720 Ἰοκάστης,
604 630 656 699 ότι
682 626 892 720 ύνεπιτήδεια
920 634 1003 720 λέγει
1030 635 1108 720 περὶ
1129 638 1195 700 τῶν
1216 634 1323 700 θείων

225 736 341 824 νόμων.
384 737 442 808 τόν
463 742 499 809 δέ
522 739 619 829 λόγον
640 747 780 809 ποιοῦσι
801 743 880 828 περὶ
901 747 961 830 τῆς
981 743 1177 829 τυραννίδος,
1201 740 1320 830 ἵναμή

224 844 363 931 δόξωσιν
385 850 537 940 ἐμφανῶς
557 845 659 939 αύτήν
679 852 860 937 διελέγχειν.

194 975 210 1027 5
310 960 434 1026 Electr.
459 962 540 1028 1389
562 958 639 1028 ὡστ’
653 955 692 1028 ού
712 957 838 1047 μακρόν
859 958 904 1027 ἔτ’
922 953 1075 1045 ἄμμένειτ
1099 954 1143 1028 ού
1164 962 1323 1046 περὶτοῦ

224 1064 352 1156 ὀνείρου
374 1074 434 1158 τῆς
457 1067 745 1158 Κλυταιμνήστρας
768 1072 860 1160 φησί,
893 1073 991 1136 τοῦτο
1013 1066 1073 1156 γὰρ
1095 1070 1213 1154 βίαιον,
1238 1062 1321 1136 σίλλδ

224 1183 325 1245 τοῦτο
347 1180 462 1268 φησίν·
484 1171 505 1245 δι
526 1183 594 1244 κατ’
618 1177 757 1266 ἐμαυτήν
778 1171 1032 1263 ω’νειροπόλονν,
1052 1172 1112 1245 ούκ
1132 1177 1179 1257 είς
1197 1174 1324 1262 μακρὰν

226 1284 316 1354 ἔσται
337 1289 486 1373 μετέωρα
508 1283 589 1354 ἄλλα
611 1282 739 1368 εύθέως
762 1286 1007 1376 τελεσθήσεται.

308 1399 351 1463 ib.
375 1399 454 1464 1058
475 1398 508 1463 τί
527 1395 604 1477 τούς
626 1390 757 1465 δίνωθεν
776 1394 1064 1487 φρονιμωτάτοσςε
1088 1435 1130 1446 -
1143 1397 1265 1465 οἰκεῖον
1287 1397 1323 1464 δέ

178 1521 212 1572 10
224 1510 270 1592 τῷ
289 1511 377 1593 χορῷ
400 1499 629 1593 ύγανακτούντι
653 1508 709 1573 ε’πὶ
730 1512 770 1597 τῇ
786 1503 1059 1596 Κλυταιμνήστρᾳ
1079 1505 1138 1573 τόν
1158 1508 1235 1592 περὶ
1256 1510 1323 1572 τοῖν

223 1607 350 1701 δλόγων
375 1616 518 1683 ἐνταῦθα
533 1618 735 1701 παραλαβεῖν
759 1613 863 1703 λόγον,
887 1614 938 1683 ότι
950 1619 983 1684 έν
993 1624 1065 1698 τοῖς
1081 1613 1214 1704 σίλόγοις
1227 1613 1324 1701 ζώοις

224 1720 345 1812 φυσική
370 1749 419 1804 τις
440 1725 509 1793 έστί
532 1728 755 1815 φιλοστοργία,
777 1725 796 1815 ή
817 1728 853 1794 δέ
865 1724 1135 1816 Κλυταιμνήστρα
1151 1719 1323 1811 όίστοργος.

308 1830 544 1901 11).1062τάδ’
569 1830 627 1901 ούκ
650 1835 705 1901 ἐπ’
728 1831 802 1915 ἴσας
828 1839 1007 1922 τελούμενε
1042 1839 1149 1915 καλῶς
1177 1833 1194 1902 ό
1225 1832 1324 1920 χορός

224 1943 278 2008 καί
309 1939 425 2009 ἑαυτόν
444 1944 678 2030 συγκαταλέγει,
711 1945 764 2011 ἵνα
793 1943 837 2034 μή
860 1948 940 2036 δοκῇ
963 1945 1121 2035 φορτικός
1146 1938 1230 2012 εἶναι
1250 1941 1324 2010 τού-

179 2069 211 2120 15
225 2077 305 2138 τοις,
327 2056 404 2119 καθ’
428 2040 473 2119 ὦν
494 2050 552 2119 τόν
572 2049 669 2140 λόγον
690 2054 880 2142 πεποίηται.

311 2162 423 2248 Antig.
437 2165 496 2229 681
522 2160 551 2230 εί
571 2159 615 2248 μή
636 2166 694 2250 τής
713 2159 908 2251 φρονήσεως
931 2160 1000 2230 ὑπό
1021 2167 1084 2229 τοῦ
1102 2159 1208 2250 γήρως
1230 2184 1323 2229 σεσυ-

225 2267 366 2358 λήμεθα,
388 2273 490 2358 λέγειν
509 2268 722 2361 φρονούντως
742 2274 851 2351 δοκεῖς
871 2274 948 2357 περὶ
970 2259 1017 2339 οἷν
1038 2274 1148 2358 λέγεις.
1170 2268 1188 2338 δ
1211 2272 1247 2338 δέ
1269 2265 1323 2337 λό-

226 2403 282 2465 γος
303 2374 388 2445 πάνυ
409 2384 636 2464 πρεσβυτικῶς
657 2380 711 2445 καὶ
734 2375 919 2466 αἰδημόνως
940 2374 1074 2466 εἴρηται.

311 2488 465 2556 01523
495 2488 569 2555 ἐπεὶ
591 2485 630 2554 τό
653 2492 716 2554 τοῦ
738 2492 837 2572 χοροῦ
859 2483 1045 2574 πρόσωπον
1068 2484 1250 2572 ἰσόρροπον
1273 2489 1325 2554 δεῖ

177 2615 213 2665 20
226 2597 259 2664 έν
280 2603 352 2677 ταῖς
373 2599 510 2676 διαίταις
532 2590 625 2682 εἶναι,
646 2593 700 2663 διδ
719 2600 820 2663 τοῦτο
842 2598 896 2663 καί
918 2587 977 2663 νύν
998 2602 1246 2681 παραμυθεῖται
1266 2593 1325 2663 τόν

227 2706 385 2791 Κρέοντα,
418 2703 469 2775 δτι
490 2703 571 2786 ἴσως
594 2709 662 2771 κατ’
684 2697 785 2792 όργήν
805 2709 903 2773 τοῦτο
932 2699 1027 2772 εἶπεν
1047 2706 1230 2790 έρετισθείς
1252 2702 1321 2772 ύπδ

224 2820 288 2882 τοῦ
308 2813 467 2901 μα’ντεως.

674 2950 870 2958 -—-—-—

309 3097 364 3163 Αἰ.
383 3098 445 3162 596
467 3084 495 3163 σί
515 3093 623 3164 κλεινδι
634 3096 793 3181 Σαλαμίςε
816 3094 929 3184 ἐπειδή
943 3096 1182 3184 συγκέκλεισται
1200 3084 1324 3176 δΑίας

226 3202 479 3293 διαχρησόμενος
501 3204 626 3292 ἑαυτόν,
659 3207 693 3273 έν
714 3207 950 3295 δοστυχεστέρφ
981 3193 1038 3272 σύν
1067 3197 1158 3285 όντες
1189 3201 1267 3294 τύχη
1292 3202 1323 3271 ολ

178 3331 212 3383 25
225 3310 296 3383 α’πδ
320 3322 383 3384 τοῦ
404 3322 503 3403 χοροῦ
526 3313 622 3403 λόγον
644 3321 819 3405 περιπαθῆ
841 3319 987 3400 διεξιᾶσι·
1010 3313 1169 3401 πρδςμέν
1185 3315 1243 3403 γὰρ
1266 3316 1324 3401 αύ-Ι

225 3426 284 3494 τδν
304 3428 406 3514 λέγειν
427 3421 485 3493 ούκ
510 3414 549 3514 ήν
570 3423 765 3494 εἰσελθόντα
789 3418 860 3513 ήδη·
883 3425 991 3512 γέγονε
1016 3425 1052 3492 δέ
1072 3418 1185 3504 αύτοῖς
1201 3418 1323 3492 ἆπολό-

227 3560 346 3627 φορσις
367 3536 424 3602 ἐπὶ
446 3533 487 3600 τὰ
510 3533 623 3602 οἰκεῖα·
645 3536 699 3601 καί
723 3532 790 3618 έχει
808 3527 1009 3600 ύκολοοθίαν
1031 3530 1071 3599 τδι
1093 3529 1219 3618 χορικσί·
1241 3525 1324 3600 οἷπε-

226 3645 417 3732 στερημένοι
446 3642 507 3731 γδρ
537 3649 596 3710 τού
625 3637 785 3729 ύίρχοντος
817 3644 870 3710 καί
901 3634 1001 3730 όίλλην
1025 3635 1242 3731 ἀποστροφήν
1265 3634 1325 3708 ούκ

228 3751 358 3836 ἔχοντες
373 3754 451 3839 περὶ
470 3758 530 3842 τῆς
552 3753 710 3837 πατρίδος
731 3749 789 3819 τόν
810 3747 906 3838 λόγον
925 3756 1098 3818 ποιοῦνται
1119 3751 1325 3835 ἐκτιθέμενοι

179 3871 214 3922 30
228 3861 261 3930 έν
292 3853 346 3942 οἷς
374 3861 438 3930 εἰσι
467 3863 624 3946 χαλεποῖς
655 3863 709 3928 καὶ
732 3862 766 3928 έν
793 3854 846 3941 οἷς
874 3859 1004 3929 έσονται
1037 3857 1068 3928 οἱ
1095 3866 1201 3947 γονεῖς
1220 3853 1324 3927 αύτοῦ

300 4083 332 4134 11
354 4083 523 4152 παραλαβεῖν
539 4080 565 4135 R
581 4081 627 4137 ΒΓ.
649 4084 805 4151 περιλαβεῖν
823 4080 856 4134 L.

300 4178 334 4229 14
354 4175 439 4231 schol.
450 4175 497 4230 BL
510 4183 543 4229 Η
549 4179 601 4231 351
619 4182 736 4249 μετρίως
755 4181 801 4230 καὶ
818 4172 915 4230 ἑαατὸν
931 4176 1134 4246 συγκαταλέγει,
1154 4176 1199 4226 ἵνα
1217 4169 1257 4245 μὴ
1277 4175 1324 4225 πιὶ

227 4267 356 4344 κρότερον
371 4267 505 4344 χρήσηται
524 4274 562 4343 τῷ
580 4273 693 4344 ἐλέγχῳ.

298 4371 333 4421 24
352 4370 382 4423 ἐν
400 4370 599 4440 δνστσχεστέρηι
617 4398 652 4408 -
669 4362 734 4441 τύχη
754 4366 817 4421 add.
837 4365 869 4420 (1.
