3000 5176
705 333 746 395 uo

283 518 351 582 lam
384 526 555 602 postquam
589 514 723 596 scholia,
758 535 841 599 (pirae
874 515 1013 603 ascripto
1047 514 1177 579 nominc
1215 513 1276 577 Di-

179 629 280 712 dynm
304 627 502 706 tribuuntur,
530 624 734 710 collegimus,
759 623 844 688 haud
874 624 989 688 inutile
1021 624 1082 688 crit
1105 647 1205 688 unum
1228 624 1275 688 al-

178 749 325 802 terumve
347 735 534 822 exemplum
558 733 685 807 afferro,
709 733 806 817 quod,
829 733 974 818 quamvis
995 732 1197 817 grammatici
1216 755 1274 815 no·

180 844 266 909 minc
290 854 407 926 carcat,
439 842 617 907 certissime
647 852 753 906 tumen
776 841 815 904 ad
843 865 916 905 cum
941 839 1150 906 referendum
1173 850 1273 905 totam

179 956 248 1019 eius
278 953 471 1018 observandi
495 951 652 1016 rationem
676 952 811 1037 eiusque
840 973 912 1014 cum
938 950 1161 1037 Aristophane
1196 973 1276 1014 con-

178 1085 309 1129 sensum
341 1062 512 1127 clariorem
541 1060 666 1125 rcddat.
713 1059 894 1144 Didymum
925 1081 1142 1142 agnoscemus
1172 1060 1276 1146 ipsam

180 1173 411 1259 Aristophanis
443 1180 553 1235 notam
584 1170 852 1256 interpretantem
879 1169 911 1231 in
935 1169 1036 1233 schol.
1062 1169 1139 1234 Eur.
1167 1169 1274 1234 Andr.

178 1280 219 1345 3⁶2
241 1301 270 1364 p.
294 1280 334 1344 39
364 1279 523 1366 ascripto,
553 1301 626 1341 nam
651 1277 768 1360 ‹pribus
791 1276 901 1341 verbis
924 1279 1023 1342 breve
1042 1277 1273 1365 Aristophanis

179 1388 332 1454 iudicium
367 1387 419 1452 καί
450 1383 467 1450 ri
499 1383 584 1470 πρδς
606 1378 832 1472 Ἀνδρομάχην
864 1382 960 1471 λόγος
990 1385 1028 1450 uc'·
1056 1387 1162 1464 καλῶς
1192 1384 1276 1468 ἔχων

178 1498 252 1578 (nisi
274 1498 358 1561 forto
391 1497 431 1560 ad
464 1497 568 1583 ipsum
596 1497 726 1560 fabulae
760 1519 889 1560 versum
922 1497 1051 1580 signum
1080 1496 1276 1584 appinxcrat

179 1607 431 1695 Aristophanes)
451 1606 647 1692 explicatum
662 1614 711 1670 est
723 1613 756 1670 et
768 1605 956 1671 dilatatum:
980 1605 1036 1672 ἐπὶ
1058 1612 1276 1691 τραγικοῖς

178 1709 375 1797 προσώποις
396 1712 619 1798 κωμῳδίαν
641 1707 740 1776 αι’·οδν
760 1712 1011 1779 διατεθεῖσθαι·
1051 1717 1208 1797 γυναικῶν
1238 1737 1272 1777 τι

177 1818 236 1907 γὰρ
264 1818 421 1899 ὑπονοίας
444 1822 512 1885 κατ’
536 1813 683 1908 ἀλλήλων
711 1821 765 1886 καί
799 1816 913 1907 ζήλους
941 1822 994 1886 καί
1026 1822 1191 1904 λοιδορίας
1222 1823 1274 1888 καί

178 1922 258 1995 (itta
283 1925 345 1997 ὅσα
369 1927 417 2008 είς
444 1930 669 2015 κωμῳδίαν
689 1931 853 2023 v‹rauca-lai,
888 1953 925 1995 ea
957 1932 1080 1996 diserte
1109 1943 1273 1997 auctorem

181 2050 341 2105 testantur
371 2039 521 2122 cundem,
544 2040 597 2126 qui
622 2040 655 2103 in
679 2040 779 2105 schol.
797 2040 1031 2128 Sophlllectr.
1046 2041 1087 2105 62
1110 2042 1275 2127 stragica

180 2150 376 2214 sublimitate
401 2149 543 2214 alionum
567 2150 768 2216 iudicaverat
799 2149 833 2216 ἒν
859 2151 1069 2239 τραγῳδίᾳ
1096 2151 1148 2216 καί
1175 2146 1275 2237 μύθῳ

179 2259 309 2344 παλαιιιῦΙ
342 2282 373 2323 τι
405 2253 570 2344 κακόηθες
601 2256 708 2324 εἰπεῖν
730 2259 784 2324 καί
814 2260 1095 2344 προοκροοσνικδν
1128 2257 1175 2340 εἷς
1198 2257 1275 2338 toda

184 2368 259 2433 καθ’
282 2363 406 2448 ica-‘crica
435 2360 453 2431 il
482 2367 604 2450 μᾶλλον
633 2363 753 2454 ἥρμοζε
780 2393 833 2432 κω
843 2369 991 2456 μῳδίῳ.
1034 2370 1148 2434 ultimo
1182 2370 1276 2435 huius

181 2530 289 2582 tionum
308 2529 344 2582 in'
356 2527 469 2582 scholiis
487 2530 592 2582 nostris
612 2533 785 2583 servatarum
803 2530 881 2584 fonte
903 2531 958 2583 iam
984 2534 1049 2583 ante
1075 2548 1119 2584 me
1139 2535 1169 2582 ut
1187 2530 1277 2584 conie-

178 2629 286 2680 cturam
304 2625 397 2694 posuit
419 2626 449 2679 G.
463 2624 631 2679 Wolffius
651 2626 667 2679 l.
685 2626 702 2679 l.
721 2644 748 2694 p.
759 2628 794 2678 27
812 2625 898 2695 (apud
917 2626 999 2679 Dind.
1013 2645 1040 2695 p.
1052 2629 1106 2693 49),
1128 2626 1174 2694 qui
1193 2626 1276 2678 ctiam

181 2723 268 2776 altero
286 2722 349 2775 loco
369 2739 395 2790 p.
411 2724 442 2775 16
462 2723 515 2790 (ap.
535 2721 568 2776 D.
580 2739 607 2791 p.
619 2725 664 2790 37)
683 2722 838 2776 rectissime
857 2723 1064 2785 animadvertit,
1084 2723 1277 2792 perpetuolli-

179 2820 290 2889 dymnm
309 2818 344 2871 ad
361 2824 461 2887 poetae
482 2823 602 2872 mentem
622 2823 764 2888 artemque
790 2821 939 2888 respicere.
974 2820 1084 2888 longius
1112 2837 1276 2889 progressus

178 2923 221 2971 est
239 2918 441 2972 Mauricius
460 2917 692 2981 Schmidtius‚
712 2918 760 2986 qni
779 2918 796 2972 l.
816 2919 834 2972 l.
850 2935 876 2986 p.
887 2920 940 2970 274
964 2917 1131 2971 sententiam
1149 2918 1275 2986 protulit,
1379 2912 1384 2920 ’

179 3031 298 3083 eaquae
316 3015 345 3068 in
364 3015 476 3068 scholiis
494 3015 598 3068 nostris
618 3015 802 3084 Aristophani
820 3015 953 3084 Byzantio
971 3015 1149 3081 deberentur,
1170 3013 1277 3068 Calli-

179 3111 297 3171 strati,
316 3111 512 3180 Aristophanis
532 3111 672 3180 discipuli,
690 3111 782 3164 studio
801 3112 835 3164 ad
855 3130 905 3165 nos
925 3113 1092 3180 pervulgata
1114 3129 1182 3166 esse.
1210 3110 1277 3162 mihi

179 3207 248 3261 haec
268 3208 432 3261 coniectura
460 3207 541 3261 valde
565 3208 673 3263 lubrico
700 3207 882 3261 fundamento
907 3207 1019 3261 videtur
1045 3207 1093 3262 uti.
1131 3225 1195 3260 nam
1222 3207 1277 3259 tria

180 3304 285 3358 scholia
303 3303 459 3374 Euripides
477 3304 532 3372 (Or.
549 3306 682 3359 304.424.
696 3305 785 3371 1031),
805 3322 838 3358 ex
859 3305 960 3372 quibus
981 3305 1047 3358 solis
1066 3300 1102 3358 de
1123 3302 1276 3358 Callistrati
1373 3287 1375 3291 ¹

179 3402 252 3455 curis
271 3402 406 3455 scaenicis
426 3407 544 3465 constat,
571 3401 684 3455 minime
709 3401 744 3455 ad
762 3406 851 3455 artem
870 3407 970 3470 poetae
990 3401 1191 3455 aestimandam
1215 3418 1277 3469 pcr-

179 3498 278 3564 tinent,
298 3504 327 3552 et
346 3498 472 3553 scholion
483 3499 662 3553 Pindaricum
674 3499 750 3555 Nam.
761 3499 812 3552 Vll
825 3501 883 3562 150,
903 3499 952 3553 ubi
964 3498 1139 3552 Callistratus
1151 3497 1274 3566 exponit,

178 3594 330 3648 Pindarum
355 3599 460 3654 οἰκείως
485 3598 647 3668 μεμνῆσθαι
669 3599 866 3667 Νεοπτολέμου
891 3593 937 3648 διὰ
964 3591 1013 3661 τὴν
1038 3591 1206 3666 ἀμφοτέροιν
1223 3613 1277 3663 γει-

179 3696 291 3755 τνίασιν,
312 3691 441 3760 quodque
460 3693 489 3745 in
509 3709 592 3745 causa
604 3692 665 3755 fuit,
684 3696 715 3745 ut
734 3691 913 3746 Rudolfus
933 3690 1162 3756 Schmidtius‚
1181 3691 1229 3745 irbi
1247 3691 1275 3744 in

179 3787 414 3839 commentatione
440 3789 470 3841 de
498 3791 622 3842 θαλλίαν.
649 3790 733 3842 Arist.
754 3806 781 3856 p.
795 3790 826 3840 19
847 3801 876 3824 =
897 3789 949 3840 325
969 3785 1038 3840 ch.
1069 3785 1103 3840 de
1126 3786 1219 3840 indole
1248 3790 1276 3839 et

179 3887 278 3936 natura
295 3883 446 3936 Callistrati
466 3886 501 3936 in
520 3883 716 3936 Pindarum
735 3883 999 3938 commentariorum
1018 3884 1151 3953 disputat,
1171 3887 1274 3937 statue-

178 3981 230 4043 ret,
253 3979 443 4032 Callistratum
464 3983 597 4032 nontam
619 3977 742 4033 difficilia
763 3979 898 4032 vocabula
918 3997 1001 4048 quam
1016 3983 1118 4048 poetae
1129 3978 1275 4033 consilinm

178 4081 206 4129 ct
225 4077 380 4130 universam
398 4075 598 4129 sententiarum
618 4075 675 4129 vim
694 4078 839 4144 artemque
863 4076 1027 4129 illustrasse.
1054 4074 1124 4129 illud
1150 4075 1275 4129 scholion

179 4171 248 4226 nihil
267 4171 325 4225 fere
344 4171 522 4240 (vocabulum
534 4174 639 4230 οἰκείως
657 4189 740 4240 saepe
758 4171 863 4241 legitur
880 4171 909 4224 in
921 4172 1048 4225 omnibus
1060 4170 1184 4239 scholiis)
1202 4189 1274 4226 oom-

179 4286 263 4322 mune
287 4268 369 4322 habet
394 4286 456 4321 cum
483 4268 594 4321 scholiis
622 4269 748 4337 tragicis,
776 4285 865 4337 neque
890 4269 965 4336 quod
993 4267 1160 4322 addicendi
1185 4284 1274 4337 genus

178 4383 268 4434 nequo
288 4365 363 4433 qnod
381 4365 417 4419 ad
435 4367 632 4434 argumentum
652 4364 761 4417 attinet.
