3000 5176
647 325 689 392 65

120 483 239 590 ⁸quibus
272 503 303 567 in
340 523 491 566 scaenam
522 498 639 564 missae
662 499 735 582 sint,
765 502 1062 568 referendas'esse
1090 513 1214 591 putent.

121 615 182 677 hoe
205 611 357 689 studium,
382 613 434 674 cui
458 611 490 673 in
517 607 722 696 explicandis
747 610 913 696 Euripidis
937 613 1056 677 fabulis
1078 614 1139 701 ipsi
1163 635 1215 678 ve·

121 733 207 786 teres
231 721 426 807 interpretes
455 717 620 784 interdum
646 740 712 782 non
736 728 913 806 potuerunt
938 745 1001 786 non
1029 721 1215 806 indulgere,

121 831 277 917 defensor
300 839 409 894 noster
432 828 589 892 vocabulo
612 834 911 913 κατασοκοφαντεῖν
934 839 1034 895 notat.
1058 853 1098 895 en
1125 830 1214 894 testi-

122 938 244 1004 monia:
273 955 275 958 ’

222 1048 323 1113 schol.
346 1030 428 1112 Hoc.
454 1046 516 1111 254
547 1037 722 1131 ἀχάριστον
750 1043 842 1130 ὑμῶν
870 1046 999 1133 σπέρμ’,
1023 1044 1097 1113 ὅσοι
1119 1049 1215 1134 δημη-

113 1153 240 1245 γόρους
264 1156 395 1242 ζηλοῦτε
415 1151 526 1239 τιμάςε
559 1159 663 1220 ταῦτα
688 1154 735 1234 εἰς
758 1152 816 1242 την
837 1160 905 1221 κατ’
928 1150 1026 1222 αὐτὸν
1048 1158 1217 1241 πολιττίαν

121 1267 221 1354 λέγειν
257 1266 310 1330 καὶ
340 1262 410 1330 ἔστι
437 1268 588 1343 τοιοῦτος
611 1260 629 1330 ὁ
650 1257 829 1351 Εὐριπίδης
858 1261 1051 1351 περιάπταιν
1074 1264 1115 1331 τά
1138 1270 1214 1334 καθ’

122 1373 237 1443 ἑαυτὸν
259 1382 330 1455 τοῖς
351 1371 454 1462 ἥρωσι
476 1374 530 1440 καὶ
550 1371 627 1453 τοάς
647 1372 783 1459 χρόνοις
807 1376 958 1461 συγχέων.

221 1487 323 1552 schol.
347 1487 430 1551 Hec.
451 1485 514 1550 953
538 1477 646 1571 άνάγει
668 1484 703 1550 δὲ
725 1481 802 1562 τοάς
822 1480 971 1570 χρόνοις·
1001 1486 1078 1568 περὶ
1101 1483 1216 1551 ἑαυτοῦ

121 1592 180 1680 γάρ
201 1590 354 1677 βούλεται
374 1592 562 1675 αἰνίξασθαι
585 1586 803 1678 cataractone.
827 1596 980 1670 τοιοῦτος
1001 1592 1037 1658 δέ
1058 1593 1144 1659 ἐστιν
1167 1588 1218 1659 cisi

121 1699 162 1768 τά
184 1698 310 1788 ἡρωϊκά
330 1697 499 1787 πρόσωπα
520 1697 657 1787 εἰσάγων
673 1703 933 1789 φιλοσοφοῦντα.
956 1703 1217 1768 animadverten-

123 1815 200 1878 dum
232 1813 265 1877 in
300 1812 351 1876 his
376 1811 579 1894 Didymeum
615 1810 696 1875 illud
731 1805 880 1888 τοιοῦτός
912 1810 998 1877 ἐστιν
1027 1802 1216 1897 Εὐριπίδης,

124 1921 211 2008 quod
234 1922 328 1985 etiarn
350 1920 384 1984 in
407 1920 508 1984 schol.
526 1919 627 2006 Soph.
651 1919 796 1986 odito
819 1920 949 2002 legitur.

223 2029 324 2094 schel.
349 2028 453 2092 Andr.
479 2029 551 2108 733,
572 2027 627 2091 uhi
653 2028 821 2094 Menelaus
844 2029 953 2093 verbis
978 2023 1062 2095 ‘ilisa
1083 2024 1144 2114 γάρ
1168 2053 1218 2108 τις

123 2131 162 2205 οὗ
184 2133 300 2224 πρόσω
322 2131 475 2222 Σπάρτης
497 2130 595 2213 πόλις
617 2159 676 2218 τις,
698 2126 718 2221 ἢ
742 2131 808 2221 πρὸ
831 2139 890 2202 τοῦ
909 2136 968 2220 μὲν
991 2125 1031 2223 ἦν
1052 2137 1142 2226 φίλη,
1164 2142 1219 2204 νῦν

125 2250 152 2313 δ’
176 2245 281 2331 ἐχθρά
302 2238 408 2312 ποιεῖ’
430 2255 541 2333 aperto
562 2245 642 2310 belli
665 2245 935 2332 Peloponnesiaci
957 2259 1095 2312 aetatem
1117 2250 1219 2334 respi-

98 2430 101 2434 ,
123 2359 177 2440 eit,
202 2353 285 2423 ἔνιοί
306 2377 388 2443 φασι
408 2351 498 2439 παρά
518 2351 599 2433 τούς
620 2348 756 2440 χρόνους
779 2351 982 2421 αἰνίττεσθαι
995 2351 1036 2420 τά
1046 2357 1218 2422 Πελοπον-
1280 2343 1283 2347 ’

124 2461 266 2552 νησιακά.
289 2456 348 2530 oda
370 2455 542 2548 άναγκαῖον
565 2462 600 2529 δὲ
621 2468 1019 2551 κατασοκοφαντεῖν
1039 2460 1097 2530 τάν
1119 2457 1220 2551 Εὔρι-

123 2574 230 2661 πίάην,
251 2564 331 2639 dito
356 2569 497 2661 φάσκειν
518 2568 686 2656 πλάσματι
716 2575 909 2658 κεχρῆσθαι.
954 2574 1012 2639 cfr.
1035 2575 1078 2641 ib.
1101 2599 1131 2641 v.
1147 2576 1219 2640 445.

21 2722 24 2727 ,
71 2758 76 2763 ¹
126 2685 204 2771 quin
220 2685 273 2749 hic
292 2685 446 2748 defensor
464 2683 551 2747 idem
574 2683 614 2746 sit
636 2693 734 2769 atque
756 2683 813 2746 ille
833 2683 1007 2769 Sophoclis
1029 2689 1219 2770 κατηγορεῖν

124 2789 240 2878 ἀνδρὸς
262 2794 405 2859 παλαιοῦ
429 2804 552 2876 vetans,
581 2815 620 2856 ex
653 2801 720 2856 tota
751 2792 979 2856 defensionum
1007 2804 1123 2858 natura
1153 2819 1219 2861 non

127 2913 176 2969 est
199 2901 421 2968 dubitandum.
446 2913 478 2967 et
501 2901 654 2987 quoniam
679 2901 768 2966 felici
790 2925 866 2967 casu
890 2902 1011 2966 factum
1035 2914 1095 2986 est,
1117 2915 1152 2969 ut
1176 2929 1219 2971 ex

124 3012 175 3076 his
197 3010 322 3076 duobus
345 3011 475 3076 scholiis
500 3031 786 3095 cognosceremus,
811 3032 883 3074 eum
897 3009 1073 3096 Sophoclis
1095 3015 1219 3100 pariter

125 3132 222 3206 atque
233 3119 400 3206 Euripidis
413 3120 519 3204 gratia
531 3141 666 3184 munere
690 3143 747 3184 suo
773 3129 905 3184 strenue
930 3121 1125 3208 fortiterque
1147 3123 1219 3188 fun·

125 3241 213 3297 ctum
237 3250 319 3312 esse,
340 3230 536 3294 necessitate
560 3227 698 3313 quadam
719 3229 759 3292 ad
781 3228 1001 3294 coniecturam
1026 3229 1219 3316 deferimur,

126 3339 257 3406 omnino
281 3363 379 3406 unum
404 3340 611 3425 eundemque
634 3338 746 3423 fuisse,
768 3339 821 3424 qui
843 3361 903 3425 pro
924 3339 1012 3403 virili
1034 3351 1126 3426 parte
1150 3366 1220 3407 cau-

127 3473 193 3514 sam
216 3458 331 3533 ageret
349 3471 409 3536 pro
432 3448 571 3535 culpatis
591 3447 754 3514 immerito
767 3449 883 3534 poetis.
904 3471 1000 3534 quam
1023 3472 1134 3515 omnes
1157 3453 1220 3540 spi·

126 3569 200 3625 rant
221 3559 283 3622 hac
303 3558 547 3623 ohservationes
572 3557 763 3633 doctrinam,
788 3580 826 3622 ea
853 3559 988 3643 egregie
1012 3560 1087 3624 huic
1109 3562 1221 3626 conie-

127 3679 238 3733 cturae
259 3669 358 3750 lavet,
381 3667 502 3756 quippe
526 3667 558 3732 in
582 3667 699 3752 quibus
722 3668 812 3732 nulla
834 3668 884 3749 sit,
916 3691 998 3756 quae
1022 3671 1062 3734 ab
1087 3660 1237 3736 auctore

127 3776 299 3863 prohibeat
319 3777 403 3841 illud
421 3771 469 3840 tut
487 3776 595 3841 desint
608 3777 695 3842 vires
719 3787 827 3841 tamen
850 3788 898 3843 cst
921 3778 1084 3843 laudanda
1107 3781 1220 3844 volun-

127 3880 196 3978 tas'.
219 3910 292 3951 cum
314 3886 348 3952 in
370 3888 432 3952 hoc
454 3896 623 3972 poetarum
639 3896 748 3951 tutore
760 3888 892 3951 tertium
907 3887 1220 3972 deprehenderimus

42 4056 46 4061 ,
127 3995 387 4079 grammaticum,
417 3995 473 4080 qui
501 3995 715 4084 explicandae
737 3995 797 4060 arti
822 4006 990 4082 poetarum
1013 4021 1031 4060 a
1052 3997 1221 4085 plerisque

127 4104 297 4187 neglectae
320 4124 355 4167 se
371 4103 562 4189 applicaret,
584 4127 650 4170 non
677 4105 716 4168 ab
740 4127 776 4168 rc
800 4103 861 4168 erit
886 4127 1055 4189 quaerere,
1078 4128 1120 4170 ex
1144 4130 1220 4192 qua·

127 4237 203 4291 nam
223 4212 427 4300 potissimum
450 4237 561 4278 rerum
584 4214 717 4279 materia
734 4224 925 4297 argumenta
940 4237 997 4278 sua
1010 4215 1220 4304 deprompse-

128 4322 178 4387 rit.
196 4332 326 4412 praetor
338 4322 459 4388 scholia
473 4322 536 4388 iam
551 4322 682 4389 laudata
695 4322 734 4388 ad
746 4322 840 4388 Aine.
852 4322 913 4388 815
925 4322 1086 4389 Androm.
1098 4324 1150 4408 32,
1161 4326 1221 4391 733

1027 4435 1044 4488 h
