3000 5176
800 307 843 374 40

275 522 337 585 quc
363 497 592 562 altercationes
615 497 800 583 culpantur,
834 495 873 559 ad
900 496 994 559 Aiac.
1008 493 1087 559 1123
1110 489 1168 557 κδν
1192 492 1289 575 ῳιλδς
1311 486 1367 576 ιίρ-

274 606 417 690 κέσαιμιε
439 604 479 671 τὰ
502 609 637 672 τοιαῦτα
656 605 845 694 σοφίσματα
867 597 925 669 οὐκ
946 601 1051 670 οἰκεῖα
1072 602 1264 690 τραγῳδίας·
1286 599 1368 687 μετὰ

272 712 331 801 γὰρ
353 712 414 803 τήν
435 708 601 800 οίναίρεσιν
621 715 802 781 ἐπεκτεῖναι
816 709 854 779 tri
867 715 974 798 δρᾶμα
987 708 1131 800 θελήσας
1143 708 1367 798 ἕψοχρεύσατο

272 826 325 890 καὶ
349 823 462 893 ἔλασεν
484 822 520 891 νδ
543 821 694 912 τραγικδν
718 820 841 902 πάθος.
886 824 928 888 ib.
944 823 1022 887 1126
1046 818 1064 886 δ
1084 823 1143 905 μὲν
1165 814 1268 904 εἶπεν,
1290 817 1369 889 ὅσον

273 934 323 1023 ἐφ’
347 932 461 1022 isarni,
485 932 502 999 δ
524 934 560 1000 δὲ
580 938 640 1021 τῆς
663 936 778 1023 ῳαινῆς
798 925 1078 1016 οἷντιλαμβάνεται.
1115 927 1153 996 τδ
1175 930 1211 997 δὲ
1232 934 1367 996 τοιοῦτο

272 1044 445 1129 κωμῳδίας
457 1045 590 1127 μᾶλλον,
613 1036 651 1109 οὐ
671 1042 861 1129 τραγῳδίας.
885 1041 972 1127 quod
995 1039 1239 1105 annotationum
1262 1063 1367 1123 genus

273 1154 424 1238 quoniam
450 1153 527 1218 mihi
551 1154 668 1218 iterum
688 1153 889 1236 tangendum
913 1152 975 1215 erit
991 1150 1022 1214 in
1040 1152 1143 1215 altero
1160 1150 1366 1237 prolegome-

272 1285 337 1328 non
350 1265 466 1350 capite,
478 1286 564 1327 carno
577 1284 758 1350 persequar
772 1270 882 1327 cetera
897 1259 1089 1348 disciplinae
1104 1259 1364 1345 Aristophanem

271 1371 422 1455 vestigia.

372 1480 477 1561 Quam
503 1479 603 1564 longe
633 1477 797 1566 Euripidis
824 1499 984 1565 personae
1015 1478 1056 1541 ab
1088 1478 1225 1541 heroum
1253 1487 1368 1542 natura

272 1591 430 1655 distarent
453 1599 485 1654 et
507 1588 547 1652 ad
572 1588 828 1652 miserrimorum
845 1587 1029 1651 mortalium
1042 1587 1176 1670 ingenia
1192 1608 1368 1672 moresque

271 1700 408 1765 detracti
431 1709 550 1781 essent,
575 1698 830 1784 Aristophanum
855 1719 922 1783 par,
942 1697 997 1761 hic
1012 1698 1167 1785 populum
1184 1697 1365 1762 Athenien·
1438 1703 1440 1707 ’

272 1831 351 1894 sem,
363 1810 419 1874 illc
434 1807 721 1894 grammaticorum
736 1829 875 1893 gregem
889 1807 1021 1871 videtur
1033 1807 1212 1872 edocuisse.
1233 1819 1268 1872 ut
1281 1809 1365 1873 Her·

271 1919 399 1984 mionae
425 1917 560 2002 reginae
587 1917 728 1982 flebilem
753 1917 932 1982 orationem
955 1916 1184 2002 grammaticus
1212 1925 1304 1981 notat
1333 1918 1363 1982 in

269 2047 338 2111 arg.
362 2026 468 2092 Andr.
487 2025 520 2091 ἒν
539 2029 586 2111 τῳ
608 2024 749 2112 δευτέρῳ
769 2023 861 2107 μέρει
880 2029 972 2113 ρῆσις
990 2020 1160 2110 Ἑρμιόνης
1180 2021 1219 2092 τδ
1241 2026 1367 2108 βασιλι-

269 2132 327 2201 κδν
358 2131 556 2224 ὖῳαιροῢσα,
582 2144 615 2199 ct
635 2134 870 2200 mendicissimi
895 2134 1016 2222 Oedipi
1051 2134 1194 2199 habitum
1228 2135 1367 2222 castigat

272 2245 444 2310 scholiasta
459 2244 727 2310 adPhoen.1539
751 2239 836 2321 ὅλως
858 2242 892 2308 ἐν
913 2246 1015 2308 πᾶσιν
1035 2239 1053 2309 δ
1077 2236 1256 2330 Εὐριπίδης
1277 2268 1365 2309 πτισ-

267 2350 406 2436 χοποιός
428 2353 506 2435 ε’στι,
528 2354 581 2418 καί
603 2357 658 2418 νῦν
681 2349 873 2431 δΟίδίπονς
896 2350 974 2418 οὐδὲ
992 2348 1108 2438 ὁδηγὸν
1129 2349 1221 2439 αὑτῷ
1244 2351 1310 2435 ἔχει
1333 2353 1367 2420 ἒν

268 2465 307 2550 τῇ
328 2461 461 2546 πατρίδι
483 2456 539 2544 dv,
559 2454 640 2526 ἀλλὰ
661 2461 715 2526 καί
735 2456 837 2544 μόνος
859 2455 1071 2544 ἐκπορεύεται
1092 2456 1206 2526 ἑαυτὸν
1231 2458 1366 2548 ὁδηγεῖν,

270 2571 314 2636 ita
338 2581 434 2658 pocta
464 2573 649 2635 universam
671 2571 809 2635 heroum
832 2569 1084 2657 Euripidoorum
1109 2581 1256 2636 naturam
1278 2571 1367 2637 festi-

269 2679 321 2744 vis
344 2678 408 2746 illis
433 2679 679 2767 Dicaeopolidis
701 2679 849 2745 versibus
872 2681 976 2767 carpit
1000 2681 1143 2746 Acharn.
1165 2681 1227 2746 412

407 2784 486 2875 δτὰρ
512 2791 545 2856 τί
564 2791 606 2858 τοὶ
628 2787 710 2875 ρδικί
734 2791 768 2857 ἐκ
789 2792 969 2878 τραγῳδίας
991 2789 1083 2874 ἔχεις,

410 2898 525 2988 ἐσθῆτ’
552 2896 693 2988 ἑλεινήνς
717 2895 775 2967 οὐκ
799 2898 872 2980 ε’τδς
892 2897 1048 2983 πτωχοδς
1068 2907 1196 2980 ποιεῖς,·

268 3010 322 3074 ubi
341 3010 513 3075 scholiasta
531 3011 685 3096 κωμῳδεῖ
707 2996 764 3076 οὖν
785 3002 884 3074 αδτδν
906 3005 951 3087 ric
973 3007 1126 3091 πτωχοδς
1150 3011 1204 3077 καί
1226 3036 1365 3077 ταπει-

267 3112 362 3195 νοδς
385 3112 554 3202 εἰσάγοντα
576 3112 654 3194 τοδς
674 3112 794 3202 ἥρωας.
814 3118 874 3181 cfr.
894 3117 935 3183 ih.
954 3117 1024 3183 426.
1050 3117 1227 3204 Sophoclei
1251 3127 1364 3183 contra

269 3227 389 3312 Oedipi
420 3226 575 3291 indolem
593 3227 687 3292 aliter
717 3237 935 3313 comparatam
969 3249 1039 3292 esse
1071 3226 1234 3314 significat
1260 3227 1363 3293 schol.

267 3336 328 3402 ΟΒ
349 3337 390 3401 93
415 3336 447 3414 ἐς
467 3332 591 3414 πάντας
612 3327 707 3401 alteo:
739 3328 838 3417 ἀξίαις
857 3339 915 3400 τοῦ
936 3337 1110 3418 βασιλικοῦ
1133 3328 1240 3424 ἤθους
1261 3337 1363 3423 δημο-

266 3444 321 3531 σίῳ
341 3440 476 3533 ῳράζειν
498 3440 636 3510 κελεύει·
670 3440 737 3528 ίίμα
762 3444 821 3528 μὲν
851 3445 924 3510 ε’πεὶ
953 3439 1052 3533 μηδὲν
1080 3442 1263 3513 ὑποπτεύει
1286 3448 1364 3531 περὶ

265 3549 385 3618 ἑαυτοῦ
408 3554 461 3618 καὶ
483 3549 584 3619 οἴεται
608 3549 771 3642 θεοφιλὴς
793 3546 885 3635 εἶναι,
920 3550 990 3636 δίμα
1010 3554 1046 3620 δὲ
1069 3556 1121 3621 καί
1146 3551 1231 3641 ὑπὲρ
1253 3560 1317 3622 τοῦ
1336 3561 1363 3600 4⁶

179 3678 183 3685 '
266 3661 411 3749 ἐνμέσῳ
438 3663 607 3749 ριγθέντισν
638 3655 821 3748 ἀνυσθῆναι
849 3658 890 3728 τὰ
913 3667 971 3749 τῆς
996 3655 1229 3750 αίναζνγτὴσεως.
1274 3665 1362 3751 quod

267 3771 341 3854 loci,
367 3771 423 3836 uhi
451 3771 626 3859 Euripides
655 3773 791 3838 heroum
824 3784 973 3838 naturam
1001 3776 1144 3840 servavit
1167 3774 1364 3858 religiosos

266 3881 442 3945 scholiasta
464 3880 660 3962 indicantur,
692 3880 787 3946 huius
822 3881 870 3947 rei
898 3882 983 3947 houd
1015 3884 1209 3949 levissimam
1234 3908 1362 3951 causam

266 3988 374 4052 iudico
399 3988 628 4075 Aristophanis
651 3990 936 4077 vituperationem.
979 3993 1082 4058 schol.
1104 3993 1185 4059 Hec.
1209 3994 1271 4058 342
1293 3991 1362 4080 δρῶ

369 4235 403 4287 46
422 4233 476 4287 Pro
497 4231 566 4305 ὑπὲρ
584 4235 664 4290 τοῦθ
684 4231 738 4289 ὑπὸ
756 4237 811 4290 τῶν
823 4235 945 4300 exhibet,
965 4237 1039 4291 unde
1058 4235 1131 4292 forte
1145 4239 1276 4294 coniicias
1295 4243 1362 4295 ante

263 4329 294 4382 ἐν
309 4334 389 4402 μέσῳ
407 4329 581 4386 intercidisse
598 4326 711 4387 τούτων.
1034 4334 1037 4338 '
