3000 5176
667 309 708 374 93

141 491 365 580 αἰχμαλώτους
385 488 502 583 ίίνδρας
523 487 592 582 δίχει
614 497 667 561 καί
689 491 729 560 τὰ
751 491 853 561 λοιποί
871 493 1018 579 ποίμνια·
1037 494 1183 562 πιθανόν
1203 495 1239 562 δέ

141 607 319 673 καὶτοῦτο
342 611 575 693 προειρῆσθαι,
602 608 664 685 ἵνα,
700 603 777 672 ὅταν
808 602 886 693 εἴπη
917 601 936 691 ἦ
966 605 1138 691 Τέκμησσα
1160 607 1238 687 περὶ

142 720 201 782 τοῦ
221 720 325 802 κριοῦ,
347 711 634 801 προεπιστοίμεθα
653 721 765 782 τοῦτο.

225 827 373 894 Electr.l
396 865 439 875 -
459 823 588 892 ἅπαντα
612 827 648 893 δέ
670 822 747 914 ῆμῖν
769 824 969 915 φιλοτέχνως
990 825 1023 890 έν
1043 829 1158 909 βραχεῖ
1180 825 1233 890 δε-

140 932 287 1022 δήλωκεν
310 932 328 1001 ὁ
351 931 498 1023 ποιητής·
521 932 580 1001 τόν
601 930 708 1000 τόπον
728 938 789 1021 τῆς
811 938 936 1021 σκηνῆς·
962 929 1021 1000 τόν
1042 929 1170 1018 τρόπον
1192 928 1270 1012 ιδςὸ

140 1045 324 1131 παρέλαβεν
345 1037 448 1112 αὐτόν
468 1044 560 1130 παρδ
583 1048 641 1131 τῆς
663 1037 809 1132 οίδελφῆς
830 1044 884 1109 καί
907 1040 992 1126 πρδς
1005 1039 1063 1109 τόν
1075 1039 1240 1131 Στρόφιον

141 1154 285 1237 ἐξέθετο,
315 1155 373 1221 τόν
401 1150 515 1238 καιρδν
540 1153 574 1219 έν
598 1139 625 1240 ᾦ
655 1148 807 1238 πάρεισιν
828 1151 875 1232 είς
896 1151 954 1232 τοῖς
976 1148 1149 1240 Μυκήνας·
1182 1150 1240 1219 τόν

139 1260 286 1348 συνόντα,
309 1258 362 1330 ότι
375 1259 534 1350 Πυλάδης·
559 1264 641 1352 φησί
661 1259 720 1348 γὰρ
746 1261 932 1329 δποκατιιδν
951 1259 1239 1350 <ν.16>“Πολάδη,

140 1374 172 1441 τί
191 1370 251 1460 χρῆ
274 1375 354 1458 δρᾶν
374 1374 407 1439 έν
428 1369 518 1455 τάχει
539 1367 753 1457 βουλευτέονῖ

222 1483 265 1548 ib.
289 1470 398 1549 αίτοῦ
413 1478 708 1569 στρατηγῆσαντοςε
731 1479 890 1560 πολλάκις
909 1485 1168 1568 παρατηροῦμεν,
1188 1476 1239 1547 ὅτι
1255 1503 1288 1552 10

140 1584 172 1655 οῖ
195 1588 331 1654 παλαιοί
352 1584 393 1653 τὰ
417 1584 586 1655 συνεκτικὰ
609 1591 675 1652 τῶν
688 1584 887 1656 ὑποθέσεων
900 1588 934 1655 έν
953 1581 1067 1671 ολρχαῖς
1086 1584 1165 1676 ἡμῖν
1185 1590 1237 1675 δη·

139 1699 260 1766 λοῦσιν.
282 1699 337 1764 καί
358 1703 414 1763 νῦν
434 1700 529 1785 δηλοῖ
550 1698 635 1784 πρδς
656 1698 728 1764 τίνα
752 1695 770 1764 δ
792 1694 896 1783 λόγος,
918 1686 1240 1786 όπερῆνοῖναγκαῖον

139 1805 334 1893 πρόσωπον.

223 1915 265 1984 i'b.
290 1919 331 1982 32
351 1914 405 1983 διδ
422 1921 482 2004 τῆς
492 1911 669 2003 διηχῆσεως
681 1911 800 2003 ταύτης
813 1913 852 1982 τδ
873 1917 991 1983 λεῖπον
1010 1921 1070 2005 τῆς
1092 1914 1238 2002 ἱστορίας

141 2022 462 2113 προσανεπλήρωσεν
482 2021 570 2114 ἡμῖν.
1255 2046 1287 2125 Ιξ)

224 2137 268 2201 ib.
288 2138 329 2201 94
349 2132 411 2202 ὅσα
432 2134 490 2224 τῆν
512 2132 687 2223 δόστηνοντ
710 2132 792 2202 κατα
814 2133 917 2221 βραχδ
935 2137 1111 2203 ένδείκνυσι
1128 2136 1168 2202 τὰ
1179 2140 1240 2223 τῆς

140 2243 346 2325 ὑποθέσεως.
370 2243 444 2313 ίδοδ
467 2242 526 2332 γὰρ
550 2242 703 2332 ἔγνωμεν,
726 2242 777 2312 δτι
797 2238 922 2336 οἷδελφῆ
946 2250 1005 2312 τοῦ
1016 2239 1164 2333 Ὀρέστου
1185 2247 1239 2312 καί

141 2351 195 2421 διδ
216 2354 249 2420 τί
269 2359 396 2440 θρηνεῖ.
420 2354 500 2439 πρίν
527 2350 586 2439 χδρ
616 2346 841 2444 ῆμφιβόλλετο
871 2353 937 2420 εἴτε
968 2347 1128 2441 Ἠλέκτρα
1150 2355 1238 2421 ἐστίν

141 2459 206 2530 εἴτε
229 2459 434 2549 πρόσπολος.

224 2573 292 2641 OT.
313 2575 350 2637 14
378 2573 412 2639 έν
442 2577 489 2660 τηῖ
519 2569 642 2660 πρώτῳ
672 2568 758 2660 λόχῳ
782 2568 966 2658 ἐγνώκαμεν
986 2569 1024 2640 τδ
1048 2566 1153 2657 όνομα
1176 2577 1239 2639 τοῦ
1253 2597 1288 2648 20

142 2679 320 2760 Οἰδίποδος
340 2683 395 2748 καί
417 2678 469 2748 δ’τι
490 2687 626 2762 παιᾶνες
646 2681 729 2750 εἰσίν
750 2683 784 2748 έν
798 2687 837 2772 τῆ
852 2679 960 2750 πόλει.
983 2687 1039 2748 νῦν
1056 2683 1092 2750 δέ
1112 2680 1166 2749 διὰ
1180 2687 1238 2771 τῆς

141 2788 289 2874 έντέχνου
313 2791 551 2878 έπεξερχασίας,
576 2789 626 2859 δ’τι
650 2793 703 2858 καί
723 2787 889 2876 βασιλεδς,
911 2792 965 2858 καί
979 2790 1037 2880 τῆν
1054 2788 1160 2858 αίτίαν
1173 2797 1240 2858 ταῖν

139 2896 296 2966 παιόνων.
319 2898 513 2987 προαχωγδν
534 2901 570 2968 δέ
589 2899 637 2980 εἰς
657 2896 770 2968 πειθιδ
793 2900 833 2967 τδ
855 2902 1042 2986 προοίμιον.

223 3012 266 3076 ib.
289 3011 329 3076 33
346 3002 392 3077 οό
414 3006 516 3094 μόνον
536 2998 594 3077 οὖν
615 3006 661 3089 αῖς
680 3010 841 3093 βασιλέως
853 3011 992 3096 δέονται,
1010 3005 1095 3078 οίλλδ
1115 3015 1168 3078 καί
1181 3037 1239 3080 σο-

140 3124 216 3208 φοῦ.
260 3117 341 3185 κατὰ
368 3117 473 3207 βραχδ
505 3120 541 3186 δέ
566 3117 792 3207 παρεμβάλλει
815 3119 893 3208 ἡμῖν
917 3119 935 3186 δ
957 3121 1096 3210 ποιητῆς
1119 3118 1160 3186 τὰ
1181 3127 1239 3210 τῆς
1253 3139 1287 3190 25

140 3226 285 3314 ίστορίας
306 3233 369 3295 τοῦ
393 3227 582 3310 Οἰδίποδος.

224 3338 338 3422 Antig.
363 3339 422 3405 155
446 3379 484 3389 -
508 3336 690 3426 παρατῆρει
712 3340 748 3408 δέ
773 3337 824 3407 δ’τι
846 3336 952 3430 πάντη
981 3341 1145 3426 ἐπιμελῶς
1166 3342 1236 3408 δια-

138 3446 259 3532 χίνεται
276 3448 383 3533 δηλαῖν
405 3443 483 3534 ἡμῖν
502 3445 543 3513 τὰ
564 3444 738 3535 πράγματα
759 3449 777 3516 δ
799 3450 948 3537 ποιητής,
972 3446 1057 3517 ὥστε
1070 3447 1238 3533 έσπάρθαι

46 3537 50 3544 ’
140 3553 200 3639 μέν
220 3547 306 3622 αότδ
325 3557 379 3622 καί
399 3561 620 3642 παρακεῖσθαι
640 3555 762 3644 ἑτέροις
781 3555 989 3643 προσώποις,
1011 3555 1117 3625 πάντα
1133 3560 1169 3626 δέ
1184 3561 1237 3647 δη·

140 3665 292 3733 λοῦσθαι.
1252 3689 1287 3740 30

223 3775 333 3842 Prom.
358 3777 417 3842 193
438 3773 496 3864 τῆν
518 3771 686 3844 ὑπόθεσιν
711 3772 913 3862 βουλόμενος
933 3773 1058 3861 διδάξαι
1080 3775 1119 3844 τδ
1143 3777 1237 3862 περί-

139 3908 233 3969 εργον
255 3889 316 3951 τοῦ
338 3881 556 3971 χοναικώδους
578 3876 684 3973 ῆθοος
705 3887 918 3971 προσέλαβεν.

214 4073 246 4125 18
264 4075 331 4143 πρὶν
347 4068 401 4143 γὰρ
422 4101 453 4111 -
474 4065 634 4142 πρόσπολος
651 4071 714 4126 add.
734 4072 768 4127 H.

211 4171 245 4221 23
263 4162 354 4222 πειθοῖ
372 4166 539 4222 vocabulum
556 4166 610 4221 hoo
628 4166 691 4222 loco
710 4169 820 4222 mirum.
841 4187 938 4224 sensus
953 4170 1072 4240 requirit
1090 4167 1236 4241 ὑπόθεσιν,

140 4265 215 4335 quod
233 4265 398 4338 compendio
419 4267 556 4336 scriptum
574 4266 694 4320 fortasse
712 4265 786 4320 falso
807 4265 877 4336 legit
893 4267 1034 4322 librarius.
