3000 5176
725 299 766 364 74

181 488 330 576 margine
352 490 488 557 exarati.
512 490 699 579 Porphyrio
712 515 751 558 ea
764 491 889 557 scholia
900 489 1008 557 omnia
1023 489 1169 574 attribui,
1192 513 1276 575 quac

178 600 211 666 in
233 600 261 664 B
286 601 407 688 scripta
440 603 666 685 quaestionem
687 602 950 689 solutionemque
982 601 1163 683 continent,
1193 600 1275 666 nibil

180 733 307 793 curans,
342 720 450 776 utrum
480 711 514 775 in
541 711 686 777 editione
711 712 922 777 Bekkeriana
946 732 1066 776 nomen
1095 709 1276 796 Porphyrii

179 818 217 883 iis
240 818 443 907 propositum
467 821 508 884 sit
531 841 646 903 necne,
672 843 746 885 cum
776 800 898 907 quanto
925 819 1060 884 arbitrio
1091 819 1124 884 in
1149 818 1209 882 hac
1238 839 1274 883 re

180 927 228 993 usi
250 938 359 993 essent
379 929 522 995 editores
545 929 775 994 demonstrarit
797 928 916 994 Rosius
932 928 954 993 l.
967 928 988 994 l.
1001 928 1118 1016 plot,
1141 936 1174 992 et
1196 927 1275 992 mul·

180 1036 220 1101 tis
243 1037 325 1101 locis
348 1036 524 1125 Porphyrii
547 1062 676 1121 nomen,
701 1038 788 1124 quod
809 1061 874 1104 nou
898 1037 1021 1121 legitur
1041 1037 1077 1103 in
1097 1035 1123 1100 B
1148 1037 1181 1101 in
1203 1037 1276 1101 aliis

180 1144 347 1211 codicibus
365 1146 466 1212 veluti
489 1147 648 1212 Etonensi
669 1147 890 1213 Escurialcnsi
911 1156 1073 1212 servatum
1098 1147 1186 1210 sit⁷¹.
1212 1117 1297 1211 nec,

78 1274 83 1286 ·
180 1254 285 1338 magis
307 1256 526 1322 necessarium
549 1256 639 1338 duxi,
662 1267 697 1321 ut
719 1281 737 1321 a
760 1256 979 1342 disputatione
1011 1256 1052 1320 de
1083 1255 1216 1320 scholiis
1239 1254 1273 1318 in

179 1362 317 1429 Iliadem
340 1365 533 1452 conscriptis
555 1387 764 1431 secernerem
786 1388 858 1430 eam
879 1387 961 1450 quae
982 1364 1024 1431 de
1036 1364 1209 1450 Odysseae
1225 1374 1275 1428 est

180 1472 325 1556 scholiis,
349 1474 469 1561 quippe
494 1497 576 1561 quae
600 1497 642 1539 ex
665 1476 781 1540 iisdem
804 1475 949 1540 fontibus
970 1474 1116 1539 derivata
1135 1473 1273 1537 exiliora

179 1582 276 1647 modo
297 1585 494 1670 praeberent
516 1607 597 1672 quae
620 1585 777 1672 ampliora
791 1596 959 1650 servarunt
974 1582 1152 1649 coddAB.
1175 1581 1273 1646 ctiam
1320 1644 1324 1648 .

179 1690 212 1754 in
249 1692 420 1777 Odysseae
453 1694 586 1761 scholiis
621 1698 813 1783 frequentes
847 1704 921 1760 sunt
955 1693 1162 1779 quaestiones
1196 1691 1276 1756 Por·

179 1799 370 1886 phyrianae,
393 1824 516 1888 paucae
539 1814 669 1869 servato
693 1803 824 1870 nomine
847 1803 999 1887 auctoris,
1018 1801 1179 1888 plurimae
1201 1794 1276 1866 ἀδέ-

180 1931 312 1975 oneror.

279 2018 403 2085 Omnes
424 2019 526 2104 igitur
549 2043 633 2105 quae
656 2021 697 2086 ad
723 2031 825 2087 artem
860 2031 1010 2109 spectant
1031 2020 1275 2086 observationes

180 2149 197 2192 e
226 2129 388 2193 sententia
416 2127 573 2218 pendent,
607 2130 747 2196 Iliadem
778 2141 810 2194 et
832 2129 1016 2213 Odysseam
1043 2151 1178 2215 magnas
1202 2152 1275 2194 esse

178 2237 365 2322 tragoedias
395 2248 426 2303 et
457 2239 501 2302 ita
533 2239 678 2326 quidem,
708 2248 745 2302 ut
774 2239 926 2325 Odyssea
957 2262 1016 2326 pro
1044 2239 1275 2326 supplemento

179 2347 270 2431 quasi
291 2348 332 2413 sit
355 2349 449 2413 lliadi
473 2348 492 2415 i.
505 2371 533 2416 e.
547 2358 583 2414 ut
604 2371 687 2436 quae
710 2370 763 2413 res
784 2371 850 2415 non
872 2359 1021 2414 narratae
1035 2349 1100 2414 sint
1115 2349 1148 2413 in
1160 2348 1275 2430 Iliade,

179 2477 238 2520 eae
260 2457 294 2520 in
318 2456 471 2540 Odyssea
493 2459 716 2544 suppleantur.
758 2481 859 2522 unum
880 2458 947 2542 bic,
971 2482 1045 2524 nam
1069 2458 1166 2544 plura
1189 2458 1274 2522 inira

178 2565 354 2649 dabuntur,
376 2568 517 2633 sufficiet
540 2569 728 2654 exemplum
752 2569 853 2634 schol.
867 2569 936 2634 HM
957 2591 977 2653 y
995 2569 1054 2633 103
1084 2570 1276 2653 γεροντικῶς

178 2669 196 2738 ti
221 2673 357 2758 Νέστωρ
381 2676 584 2761 μακροτέραν
605 2682 750 2744 ποιεῖται
771 2673 833 2766 τήν
854 2670 1043 2763 οἷιιόκρισιν·
1068 2667 1175 2754 ditur
1196 2701 1232 2741 se
1255 2671 1275 2740 o‘

178 2782 320 2868 ποιητής
349 2774 512 2868 εὐκαίρως
550 2787 905 2873 πρασαναπληραῖ
936 2781 985 2851 τὰ
1019 2783 1276 2868 λελειμμένα

177 2894 221 2978 τῇ
239 2883 387 2981 Ἰλιακῇ
410 2889 553 2960 ὑπαθέ
563 2918 635 2961 σει.
660 2917 742 2980 quae
761 2896 944 2961 observatio
969 2917 1040 2959 cum
1063 2893 1152 2978 quasi
1177 2892 1274 2957 cardo

178 3002 220 3065 sit
244 3001 388 3067 omnium
411 3004 610 3068 scholiorum
637 3027 719 3090 quae
742 3006 806 3069 huc
831 3005 1008 3070 referenda
1030 3014 1115 3085 sunt,
1145 3013 1274 3067 etcum

179 3132 219 3174 cx
244 3132 281 3175 cn
303 3111 563 3178 luculentissime
578 3115 805 3202 perspiciatur,
827 3115 935 3179 omnia
951 3114 1046 3180 unius
1061 3113 1275 3196 eiusdemque

179 3219 310 3285 scholae
334 3216 516 3310 disciplina*
532 3225 702 3305 contineri,
725 3246 793 3288 rem
816 3224 861 3287 ita
884 3223 1018 3304 institui,
1039 3232 1074 3287 ut
1087 3221 1126 3286 iis
1143 3220 1274 3286 scholiis

180 3329 357 3415 Porphyrii
391 3331 574 3397 doctrinam
607 3332 807 3397 illustrarem
841 3332 928 3397 unde
960 3331 1057 3397 simul
1088 3339 1272 3418 appareret,

178 3457 273 3521 quam
295 3450 446 3504 accurate
471 3448 512 3522 et,
538 3441 624 3525 quod
651 3463 714 3505 non
737 3441 843 3527 potuit
869 3463 936 3505 non
963 3440 1045 3525 fieri,
1074 3463 1170 3528 quam
1194 3461 1269 3525 pcr-

178 3570 273 3614 verse
297 3548 462 3615 interdum
485 3550 672 3616 Homericis
695 3551 874 3635 tragoediis
896 3560 1006 3638 aptata
1030 3559 1117 3615 esset
1137 3571 1173 3614 ea
1194 3548 1272 3614 artis

178 3657 326 3744 poeticae
338 3659 524 3746 explicatio,
537 3680 633 3744 quam
646 3661 679 3724 in
691 3660 892 3746 tragicorum
904 3658 1036 3725 scholiis
1049 3657 1272 3744 cognovimus.

277 3767 475 3854 Saepissime
509 3769 650 3833 carmina
683 3768 860 3834 Homerica
891 3767 1067 3855 τραγῳδίαι
1103 3777 1272 3832 vocantur.

178 3876 262 3940 hanc
288 3875 560 3960 significationem
583 3877 763 3942 solemnem
787 3899 858 3942 esse
882 3877 1116 3964 inPorphyrio
1137 3883 1274 3941 testatur

279 4132 310 4182 71
331 4129 454 4184 indicem
479 4131 674 4199 quaestionum
702 4131 958 4202 Porphyrianarum
985 4133 1099 4188 exhibet
1122 4132 1272 4187 Eduardus

177 4226 340 4280 Kammerus
358 4226 387 4280 in
406 4226 501 4281 libello
520 4227 568 4295 qui
586 4227 736 4298 inscriptus
761 4233 806 4283 est
831 4231 976 4301 Porphyrii
1001 4233 1107 4284 scholia
1128 4233 1273 4284 Homerica

178 4323 372 4378 earendattora.
395 4326 545 4395 Repimoati
558 4327 629 4382 1863
646 4342 673 4392 p.
685 4327 781 4379 8-32.
