3000 5176
630 332 671 400 69

108 522 364 587 Aristarchi·
384 526 478 588 nimis
491 523 633 586 sobriam
650 546 818 588 consecrem
836 528 1047 611 castiqauteru
1067 514 1201 590 subodo-

104 636 184 713 rari,
220 637 277 723 qui
305 633 379 696 licet
405 631 613 696 Homericum
641 633 797 720 loquendi
823 657 915 696 usum
943 637 1063 719 optime
1085 650 1202 719 nosset,

105 754 209 807 tamea
230 766 331 831 raeque
353 744 388 805 ia
402 741 499 804 rebus
516 741 664 826 mqtlu'cr's
685 755 715 804 et
728 742 959 829 qeoqraplu'ca's
976 768 1204 833 usquequaque

103 852 183 914 satis
206 863 422 914 reversatum
444 849 624 934 praeberet,
658 850 745 937 quod
774 853 871 914 etiam
900 850 941 917 E.
963 851 1140 940 utrinqu
1161 855 1200 917 de

104 960 301 1025 Aristarcho
318 959 394 1047 fuit
418 960 585 1042 iudicium,
618 983 720 1047 neque
747 961 792 1041 id,
828 962 914 1049 quod
940 965 1116 1026 maximum
1141 978 1196 1047 est,

100 1087 272 1157 poetarum
304 1073 480 1158 eteqaatem
513 1085 541 1134 et
566 1073 806 1155 uroquoaimum
837 1073 1101 1135 existimatorem.
1149 1073 1200 1136 his

103 1181 184 1245 nihil
206 1182 310 1246 habeo
333 1181 421 1266 quod
448 1180 574 1244 addam.
600 1178 844 1244 meminerimus
864 1189 987 1243 tantum
1010 1180 1118 1263 velim,
1142 1181 1198 1245 has

104 1291 495 1376 quoquc-observationes
515 1289 678 1354 communi
695 1287 839 1354 eiusdem
858 1287 1050 1376 disciplinae
1067 1289 1198 1354 vinculo

105 1422 179 1465 eum
201 1399 267 1464 illis
292 1398 523 1486 Aristophanis
545 1398 733 1462 coniunctas
754 1419 835 1478 csse,
868 1398 983 1481 quibus
1016 1397 1201 1463 dissensum

104 1518 232 1573 notaret
252 1508 337 1572 inter
361 1508 520 1572 variarum
544 1509 727 1573 fabularum
749 1506 973 1571 oeconomiam
996 1506 1200 1571 interceden-

103 1627 179 1680 tem.
225 1638 335 1700 quare,
361 1617 507 1702 quamvis
536 1616 584 1680 his
613 1617 693 1681 locis
723 1616 876 1681 Electrae
907 1616 1001 1700 signa
1034 1616 1197 1681 defuerint

104 1725 346 1812 Aristophanis,
370 1735 479 1789 tamen
503 1725 672 1808 ingenium
697 1724 765 1787 cius
788 1745 854 1789 non
877 1724 1109 1789 desideramus.

205 1835 275 1899 Iam
298 1836 323 1898 si
347 1834 484 1918 Didymi
502 1857 635 1921 operam
659 1833 692 1898 in
714 1833 921 1920 explananda
943 1843 1112 1921 poetarum
1136 1845 1199 1898 tra·

104 1944 252 2031 gieorum
272 1951 340 2007 arte
358 1944 561 2024 collocatam,
583 1942 692 2008 accitis
704 1942 743 2006 iis
760 1964 891 2028 quoque
908 1942 1200 2027 observationibus,

108 2073 245 2138 quarum
261 2051 402 2117 auctoris
416 2050 546 2116 nomine
561 2050 740 2115 carentium
753 2050 930 2137 specimina
952 2052 986 2115 in
1009 2052 1094 2116 hanc
1116 2074 1200 2116 com-

105 2160 336 2226 mentationem
360 2183 426 2226 non
446 2160 644 2248 recepimus,
666 2181 729 2224 uno
747 2160 914 2225 oculorum
933 2162 1047 2225 obtutu
1070 2183 1200 2247 percur-

107 2270 219 2353 rimus,
249 2279 298 2333 sat
327 2269 467 2356 amplam
498 2270 655 2334 habemus
678 2268 762 2333 hanc
784 2270 854 2333 fore
876 2268 1073 2353 imaginem:
1107 2269 1200 2333 ducis

106 2388 138 2442 et
159 2378 307 2465 magistri
319 2378 550 2466 Aristophanis
566 2378 704 2462 vestigia
728 2399 880 2466 premens
898 2376 1064 2462 Didymus
1087 2400 1199 2442 omnes

104 2489 175 2552 fere
200 2487 441 2552 commentariis
465 2487 532 2551 suis
556 2486 746 2573 complexus
762 2497 810 2549 est
826 2486 1042 2572 quaestiones,
1063 2487 1103 2551 ad
1121 2509 1199 2571 quas

104 2596 288 2662 tractandas
310 2607 460 2661 accurata
481 2596 558 2660 artis
580 2597 723 2679 tragicae
744 2595 954 2682 investigatio
972 2619 1081 2660 ansam
1096 2597 1196 2662 dedit.

106 2705 146 2771 de
166 2704 310 2770 externis
333 2704 485 2772 subsidiis
508 2704 636 2769 fabulae
656 2703 775 2768 actioni
803 2706 996 2770 necessariis
1019 2728 1198 2793 eorumque

104 2838 175 2897 usu,
200 2814 241 2879 de
257 2814 385 2901 prologi
406 2813 693 2899 narrationumque
707 2812 894 2878 nuntiorum
907 2824 1033 2899 natura,
1051 2816 1091 2880 de
1112 2840 1199 2882 scae·
1290 2893 1294 2898 ¹

103 2946 219 2988 narum
241 2923 442 3005 oeconomia,
464 2921 505 2985 de
528 2920 619 2986 chori
642 2921 791 3009 personis
814 2944 989 3007 earumque
1013 2923 1135 3007 indole,
1159 2925 1200 2991 de

103 3055 317 3122 personarum
331 3031 482 3096 dramatis
494 3032 637 3096 moribus
653 3030 862 3116 ingeniisque
877 3053 1052 3120 earumque
1063 3034 1098 3099 in
1113 3057 1198 3100 scae-

103 3167 177 3207 nam
201 3141 335 3208 introitu
360 3142 412 3206 vel
436 3141 639 3221 decessione,
663 3141 704 3204 de
727 3162 916 3204 scaenarum
937 3141 1140 3229 singularum
1161 3144 1196 3207 in

101 3252 267 3318 auditores
286 3237 327 3315 ¹vi
359 3261 390 3315 et
418 3251 550 3333 effectu,
583 3251 623 3314 de
655 3274 815 3317 consensu
849 3252 991 3340 denique
1014 3252 1199 3317 fabularum

102 3363 156 3427 vel
181 3362 326 3426 dissensu
350 3384 425 3424 eum
447 3364 591 3426 omnium
616 3360 858 3444 tragoediarum
883 3363 973 3427 fonte
998 3362 1200 3427 Homero-—

103 3471 143 3537 de
167 3472 217 3535 his
240 3470 390 3537 omnibus
412 3470 570 3556 quaesivit
594 3481 626 3534 et
640 3470 1004 3558 disputaritDidymus.
1031 3469 1063 3534 et
1076 3470 1199 3558 ubique

103 3603 252 3646 severum
275 3581 460 3667 iustumque
476 3579 624 3645 videmus
640 3580 796 3661 iudicem,
822 3582 888 3665 qni,
912 3581 1131 3667 quodfalsum
1143 3583 1198 3646 vel

97 3691 253 3762 ,vitiosum
268 3690 395 3773 habeat,
419 3698 510 3755 notet
534 3700 565 3754 et
588 3690 761 3775 vituperet,
783 3689 870 3777 quod
883 3691 1052 3777 praeclare
1074 3689 1197 3755 dictum

103 3811 135 3866 et
158 3802 338 3882 inventum,
361 3801 471 3865 laudet
494 3811 526 3864 et
550 3800 719 3887 praedicet
741 3801 891 3864 refutatis
916 3799 1123 3887 repulsisque
1149 3800 1199 3883 iis,

103 3906 158 3993 qui
179 3906 409 3993 intempestive
436 3906 580 3971 cavillari
607 3906 798 3972 viderentur
821 3917 945 3995 poetas.
