3000 5176
755 299 796 366 94

311 485 380 555 ΟΤ.
405 487 424 551 8
447 483 465 552 ὁ
487 491 569 555 πάσι
592 484 730 567 κλεινόςι
762 484 785 576 ἢ
807 494 889 558 πᾶσι
919 497 991 570 τοῖς
1019 489 1276 580 ἐπιτηδεύμασιν
1305 490 1325 582 ἢ

226 593 451 663 ὑπακουστέον
470 595 675 682 ἀνθρώποις.
699 604 853 678 πιθανῶς
875 600 911 666 δέ
931 600 969 668 τό
991 593 1096 686 ὄνομα
1117 606 1179 669 τοῦ
1199 603 1324 687 προλο-

226 707 371 793 γίζοντος
393 703 565 795 ἐδήλωσεν.
588 703 654 791 ἅμα
677 708 712 774 δέ
734 709 788 775 καὶ
808 707 856 788 εἰς
877 710 1060 795 ἐπιθυμίαν
1072 710 1165 799 φέρει
1176 710 1235 778 τόν
1245 718 1323 778 θεα-

168 831 172 840 ’
225 812 285 902 την
307 819 373 882 τῶν
396 816 473 900 περὶ
493 819 555 882 τοῦ
580 814 769 896 Οἰδίποδος.
794 812 853 884 οόκ
876 812 985 897 ειίθός
1007 820 1043 885 δέ
1061 816 1120 899 τοίς
1141 818 1247 900 αἰτίας
1265 825 1324 908 τῆς

196 921 322 1011 5δόξης
343 921 470 1011 ἐπάγει,
500 917 581 990 ἄλλά
603 921 792 1010 ταμιεύεται
816 927 897 993 κατά
919 925 1023 1012 βραχιί
1047 927 1081 994 έν
1103 933 1205 1016 καιρῷ
1227 925 1322 1017 ἐνθή-

226 1057 304 1103 σειν·
323 1039 431 1116 καλῶς
452 1038 488 1104 δέ
509 1030 548 1104 osi
569 1038 609 1103 δι’
623 1030 764 1123 άγγέλιον
784 1030 996 1124 άπηγγελται,
1019 1039 1072 1103 ἵνα
1093 1037 1322 1125 διαλεγομένου

225 1137 332 1211 αιίτοῦ
356 1145 391 1212 ἐκ
416 1147 556 1234 Δελφῶν
579 1143 730 1235 εἰσαγάγῃ
753 1143 813 1212 τόν
836 1146 994 1230 Κρέοντα.

311 1252 555 1321 ΕιιιαΑῖ-τά
568 1255 603 1321 δέ
617 1258 735 1340 πρῶτα
755 1248 845 1337 εόχαί
862 1256 916 1321 καὶ
937 1251 1124 1343 ἐπικλήσεις
1146 1259 1249 1340 θεῶν,
1269 1257 1323 1322 ἵνα

159 1392 161 1396 ’
223 1356 291 1430 άπὸ
315 1368 380 1429 τῶν
402 1357 635 1454 εόφημοτέριον
655 1355 790 1451 ἰίρξηται
813 1361 832 1450 ἦ
855 1369 1029 1454 προφῆτις.
1050 1363 1265 1450 οἰκονομικῶς
1286 1366 1322 1432 δέ

178 1486 211 1536 10
225 1465 283 1539 οιίκ
314 1473 348 1539 ἐν
374 1467 455 1563 άργῇ
484 1470 634 1540 διιόκεται
663 1467 819 1560 Ὀρέστης,
848 1467 932 1542 οἰλλά
959 1479 1061 1541 τοῦτο
1093 1475 1127 1542 ἐν
1147 1475 1237 1562 μέσῳ
1262 1480 1322 1540 τοῦ

223 1579 389 1666 δράματος
410 1577 613 1664 κατατάττει,
636 1577 869 1666 ταμιευόμενος
889 1582 931 1648 coi
954 1575 1156 1668 οἰκμαιότατα
1176 1583 1320 1670 ἐνμέσῳ.
1346 1586 1351 1658 J

306 1692 415 1757 From.
439 1690 479 1756 88
514 1686 660 1771 τεχνικόν
688 1686 726 1756 τό
755 1689 800 1777 μή
828 1683 931 1769 εόθός
960 1687 1099 1776 εἰσάγειν
1128 1692 1250 1759 λαλοῦν
1279 1692 1317 1757 τό

223 1795 409 1866 συνεκτικόν
426 1793 612 1881 πρόσιοπον
630 1794 715 1882 πρός
737 1796 916 1881 ἐρεθισμόν
937 1802 997 1863 τοῦ
1018 1792 1195 1883 α’κροατοῠ.
1219 1822 1317 1886 μεγα-

222 1910 357 1996 λοφυῶς
377 1904 417 1972 τά
441 1907 582 1994 τέσσαρα
603 1913 750 1990 στοιχεῖα
771 1908 984 1976 ἐπικαλεῖται.

176 2025 209 2078 15
302 2019 360 2086 Αἰ.
382 2021 402 2084 6
427 2056 466 2065 -
489 2019 660 2104 προσοχιγν
681 2018 717 2085 δέ
739 2014 903 2103 ἐργάζεται
926 2022 973 2106 τῳ
993 2010 1136 2108 ἀκροατῇ
1160 2019 1321 2103 περὶτῶν

221 2127 515 2214 δηλιυθησομένων.

313 2307 326 2356 l
347 2297 362 2369 ἢ
382 2301 570 2358 ὑπακουστέον
587 2297 746 2375 ἀνθρώποις
765 2301 788 2355 L
808 2296 823 2368 ἢ
842 2298 896 2354 ὑπὸ
916 2295 1026 2361 πάντων
1044 2301 1202 2356 Ελσιελοὶυε.

310 2404 326 2454 3
346 2399 420 2454 idem
444 2400 543 2454 eodem
567 2418 649 2454 sensu
672 2399 839 2454 vocabulum
861 2398 1033 2452 restituerim
1057 2396 1143 2452 schol.
1164 2398 1260 2468 Antig.
1280 2401 1314 2452 80

220 2498 299 2550 τοῦτο
328 2489 379 2563 ἤδη
403 2498 448 2564 τῆς
472 2498 663 2568 ἐπιθυμίας
680 2488 822 2562 αὐξητικόν
848 2496 866 2550 i.
886 2513 909 2549 e.
927 2498 1046 2566 augetur
1071 2494 1245 2548 audientium
1265 2511 1311 2547 ex·

220 2594 344 2664 portatio
364 2592 520 2662 Antigonae
546 2591 638 2647 verbis
664 2589 698 2645 σὺ
724 2592 780 2663 μὲν
800 2587 861 2645 τάδ’
882 2586 917 2645 ἂν
934 2587 1068 2662 προῦχοι’·
1088 2588 1143 2660 ἐγὼ
1162 2591 1194 2644 δὲ
1213 2588 1247 2658 δὴ
1266 2585 1315 2644 τά·

221 2709 278 2763 φον
293 2687 416 2762 χώσουσ’
430 2684 545 2761 ἀδελφῷ
564 2683 683 2761 φιλτάτῳ
700 2681 879 2760 πορεύσομαι.
911 2705 963 2758 pro
981 2690 1131 2761 ἐπιθυμίας
1148 2689 1215 2744 libri
1233 2706 1314 2758 prce·

220 2789 287 2843 beot
305 2792 470 2858 προθυμίας.
493 2786 544 2841 cfr.
562 2785 648 2840 schol.
659 2785 731 2840 BLV
743 2791 769 2840 Δ
782 2789 843 2841 512.

309 2887 326 2938 5
345 2883 430 2939 schol.
442 2883 489 2938 AB
503 2884 587 2938 Υ443
598 2884 724 2942 πιθανῶς
741 2880 844 2954 ιἰναρτᾷ
860 2879 909 2950 τὴν
927 2884 1080 2955 ἐπιθυμίαν
1095 2884 1150 2936 τῶν
1165 2879 1314 2952 ἀκροατῶν,

219 2987 257 3042 εἰς
285 2983 360 3041 τέλος
386 2983 440 3035 τῶν
468 2975 606 3048 ποιήσεων
631 2981 717 3050 ἑαυτῷ
744 2973 943 3052 ταμιευόμενος
965 2976 1014 3048 τὴν
1043 2975 1156 3052 σφαγὴν
1179 2975 1316 3048 Ἕκτορος.

219 3078 304 3133 schol.
323 3077 430 3144 EHMQ
448 3080 528 3146 γ184
548 3077 696 3149 δαιμονίως
719 3074 734 3131 ὁ
754 3073 865 3142 ποιητὴς
883 3072 1012 3147 ἐμβαλῶν
1034 3080 1072 3136 εἰς
1090 3077 1243 3148 ἐπιθυμίαν
1261 3076 1316 3128 τῶν

218 3170 325 3230 νόστιον
341 3172 391 3228 τὸν
408 3170 544 3244 ἀκροατὴν
568 3170 671 3244 ἀναρτᾷ
693 3169 784 3239 πάλιν,
810 3176 855 3226 ἵνα
877 3169 910 3225 τά
936 3170 1019 3226 λοιπὰ
1048 3174 1084 3226 δι’
1108 3167 1190 3225 άλλου
1213 3176 1317 3242 χωρίου

219 3267 335 3345 δηλιόση.

243 3395 246 3400 ’
306 3367 417 3437 8quod
440 3367 522 3421 initio
546 3367 641 3436 superi
667 3366 798 3435 precibus
820 3365 972 3418 adorantur
990 3365 1127 3433 probetur
1151 3364 1316 3420 scholiastae

219 3465 253 3519 ad
272 3465 367 3534 Antig.
389 3467 439 3518 155
467 3461 524 3517 ἀλλ’
547 3460 596 3516 ὅδε
613 3460 666 3533 γὰρ
685 3460 719 3529 δὴ
736 3456 872 3530 βασιλεόςι
901 3455 998 3530 άριοτα
1027 3464 1073 3513 καὶ
1097 3455 1317 3533 μεγαλοφρόνως

218 3559 404 3616 «διεσκεύασται
427 3558 499 3631 αἰτῶ
520 3559 535 3614 ὁ
551 3555 649 3632 χορός·
682 3559 771 3630 ἕτερος
792 3558 846 3628 γάρ
869 3552 905 3612 civ
929 3559 1010 3610 ταῦτα
1034 3559 1144 3628 πρῶτον
1160 3549 1315 3630 εἰσήγαγεν,

217 3656 256 3713 ὅτι
277 3659 355 3731 ἡμεῖς
374 3654 552 3730 συνηχθημεν
571 3654 625 3710 ὑπὸ
645 3660 787 3725 Κρέοντος.
809 3644 906 3725 χάριεν
930 3654 961 3707 δὲ
980 3651 1011 3706 τό
1030 3655 1140 3724 πρῶτον
1159 3654 1215 3726 μὲν
1233 3652 1316 3726 εὐχὴν

217 3753 314 3815 αὐτοὺς
330 3736 511 3822 ποιήσασθαι,
532 3753 590 3818 ἑξῆς
607 3753 638 3805 δὲ
659 3752 779 3818 δηλώσειε
799 3748 853 3805 ὑπὸ
872 3756 944 3809 τίνος
962 3755 1207 3822 συνηθροίσθησαν
1233 3753 1315 3806 etad

217 3872 242 3906 v.
257 3854 308 3905 150
328 3846 400 3906 πάνυ
419 3851 544 3908 πιθανῶς
561 3847 593 3902 τὰ
611 3849 657 3916 τῆς
677 3844 771 3919 εὐχῆς
791 3850 1010 3921 ἐπιμνησθέντες
1028 3846 1081 3918 γὰρ
1100 3849 1243 3920 δυσχερῶν
1261 3842 1314 3901 τιά-

216 3952 259 4005 λιν
277 3950 323 4002 ἐπὶ
340 3948 372 4002 τὰ
391 3950 448 4001 κατ’
468 3944 555 4018 ιίρχίις
574 3939 686 4018 εὔφημα
704 3951 858 4017 τρέπονται.

290 4047 322 4097 12
338 4034 392 4098 hoc
411 4043 542 4111 Aeschyli
563 4041 713 4096 artificium
734 4045 873 4098 recentior
892 4043 1043 4097 scholiasta
1068 4044 1096 4095 in
1116 4042 1140 4095 A
1165 4058 1313 4111 perperam

217 4142 257 4195 sic
276 4142 481 4210 interpretatur
499 4134 671 4211 ἁρμοζόντως
689 4144 776 4212 φησὶν
794 4139 808 4194 ὁ
829 4139 940 4208 ποιητὴς
956 4138 996 4212 μὴ
1010 4135 1093 4198 εὐθὺς
1111 4135 1250 4192 ιἰνιειπεῖν
1266 4135 1315 4191 τὸν

216 4241 382 4309 Προμηθέα,
400 4240 444 4290 ἵνα
461 4233 501 4308 μη
519 4229 582 4307 δόξη
601 4228 700 4307 ἰίφρων
716 4238 762 4288 καὶ
781 4232 913 4303 αὐθάδης.

289 4336 321 4386 15
340 4333 441 4387 Donat.
452 4332 488 4387 ad
500 4331 585 4386 Andr.
595 4331 635 4384 13
654 4335 697 4385 tic
711 4335 796 4386 trevis
811 4345 834 4386 ct
849 4339 953 4386 τονιίιτι
968 4335 1128 4386 ιλελὲλειίιίιό
1148 4345 1196 4398 erl,
1218 4354 1314 4403 ιιιιιηιιιι
