3000 5176
631 364 689 427 107

108 554 159 620 καί
182 550 241 640 γὰρ
263 554 423 637 βασιλέως
445 549 591 640 θυγάτηρ
613 553 682 621 ἐστὶ
703 553 756 618 καί
777 546 854 638 γυνη
884 548 1045 635 βασιλέως
1064 553 1123 614 τοῦ
1146 540 1207 612 ’λοί-

108 687 214 745 σονος,
236 663 290 729 καί
313 658 411 747 σώζει
429 660 468 730 τό
490 655 619 748 εῦγενές
641 658 801 753 φρόνημα.
836 663 995 748 μηδαμῶς
1016 658 1051 725 δέ
1072 651 1207 741 θαυμαί-

109 796 227 858 σωμεν,
257 772 287 840 εί
309 773 490 856 Κορίνθιαι
520 762 625 856 οῦσαι,
648 773 722 839 δέον
748 777 795 858 τῷ
826 774 889 836 τοῦ
920 766 1085 853 Κρέοντος
1114 765 1207 850 μέρει

108 881 336 966 προσθέσθαι,
358 877 475 969 ταίτην
496 879 661 968 αῖροῦνται
684 876 908 968 συγκρύπτειν.
949 873 1123 960 ἐλεύθεραι
1143 869 1204 961 γυίρ

109 979 203 1057 οῦσαι
222 988 260 1057 τό
282 986 524 1075 παριστάμενον
546 991 658 1070 αι’-τοῖς
680 991 805 1057 δίκαιον
826 991 1042 1075 προτιμῶσιν.
1089 982 1234 1051 ἐπειταὸ

108 1101 161 1165 καί
180 1091 232 1165 δεῖ
253 1095 270 1164 ό
292 1096 391 1184 χορός
411 1099 444 1165 ἐν
465 1095 639 1186 προσώπῳ
659 1103 723 1164 τοῦ
742 1100 886 1184 ποιητοῦ
908 1090 1069 1180 εἰσάγεται
1089 1096 1136 1179 τῷ
1159 1093 1204 1158 δι·

108 1208 189 1294 καίφ
214 1209 486 1292 προστιθέμενος.

191 1317 245 1382 Ai.
271 1320 329 1384 158
360 1318 464 1384 καίτοι
495 1319 627 1402 σμικροί
652 1312 823 1402 μεγόλιοντ
860 1311 945 1380 πάνυ
976 1308 1161 1401 αἰδημόνως
1188 1310 1206 1378 ό

109 1422 207 1510 χορός
222 1426 394 1512 ἐξελέγχων
413 1423 471 1514 την
482 1419 608 1493 όδικίαν
621 1431 687 1492 τῶν
695 1421 852 1513 Ἑλλήνιον
874 1417 913 1491 οῦ
934 1428 1033 1491 τοῦτο
1056 1415 1206 1506 όντικρυς

109 1534 226 1618 ἐποίει,
251 1529 336 1601 ῶλλά
352 1536 458 1619 ψιλῶς
478 1537 688 1621 γνιομολογεῖ.
708 1530 862 1618 βούλεται
882 1530 941 1620 γὰρ
965 1533 1133 1616 ἐπιτιμῶν,
1155 1527 1206 1597 ότι
1223 1544 1255 1595 10

107 1647 215 1722 κακῶς
246 1640 431 1727 πράττουσι
463 1648 699 1728 καθαιροῦντες
733 1638 792 1709 τόν
825 1638 959 1707 Αίαντα
992 1643 1046 1708 καί
1078 1638 1207 1719 ἑαυτοῖς

108 1744 320 1840 οῖσυμφόρως.

192 1860 235 1926 ib.
257 1862 315 1924 141
350 1899 387 1908 -
415 1864 570 1939 πιθανοῖς
599 1861 634 1928 δὲ
665 1855 724 1926 οῦκ
755 1859 875 1946 ἐλέγχει
911 1855 969 1926 τόν
1002 1860 1137 1943 βασιλέα
1163 1857 1208 1937 ῶς

108 1964 315 2056 ἡμαρτηκότα
341 1962 425 2035 οἷλλόι
446 1967 504 2057 τὴν
525 1970 726 2056 δυσπραγίαν
753 1969 957 2055 προσέλαβεν
984 1967 1029 2048 ῶς
1056 1961 1126 2035 α’πό
1149 1973 1208 2057 τῆς

109 2073 311 2165 είμαρμένης.
345 2074 430 2144 πάνυ
453 2079 489 2146 δὲ
509 2071 596 2146 εῦνοι
619 2070 710 2158 όντες
731 2072 911 2146 υίπιστοῦσι
934 2079 988 2144 καί
1014 2074 1208 2162 ῦπολαμβό-
1223 2092 1254 2144 15

110 2209 201 2253 νουσι
223 2179 321 2252 αῦτόν
344 2183 411 2252 ῦπό
431 2191 494 2253 τοῦ
517 2187 640 2272 ἐχθροῦ
662 2191 982 2275 σεσυκοφαντῆσθαι.
1003 2187 1037 2253 ἐν
1057 2186 1123 2253 δέει
1149 2174 1207 2252 οῦν

108 2295 303 2382 καθέστηκα,
328 2291 405 2361 ὅταν
424 2283 445 2386 ᾗ
464 2321 496 2361 τι
517 2299 647 2362 τοιοῦτο
669 2296 747 2380 περί
766 2294 813 2363 σε’.

192 2404 314 2470 Electr.
340 2406 399 2471 126
421 2401 455 2470 εί
472 2431 531 2489 μοι
555 2404 654 2488 θέμις
674 2401 747 2472 τόδ’
770 2398 887 2471 αῦδῦνι
921 2404 993 2470 λίαν
1016 2399 1164 2491 αίδημῶν
1188 2400 1206 2468 ό

110 2508 218 2598 χορός,
241 2507 277 2592 δς
294 2496 356 2579 ’ἐπὶ
375 2511 432 2579 τόν
441 2509 615 2600 Αἴγισθον
637 2514 751 2601 τρέπει
773 2510 831 2600 τὴν
850 2512 964 2594 αἰτίαν,
991 2514 1116 2580 -ἐπεί
1137 2516 1206 2578 κατ’

108 2614 311 2706 οῖρχόντωνδ
334 2618 429 2708 λόγος
450 2619 471 2709 ἢ
492 2623 565 2690 ἐπεί
589 2625 680 2690 δοκεῖ
702 2624 894 2713 δυσφημεῖν,
918 2623 1008 2712 φησί·
1031 2621 1061 2689 εί
1083 2618 1207 2690 δίκαιόν
1219 2633 1255 2684 20

109 2730 197 2796 ἐστιν
221 2727 325 2804 οῦτως
349 2723 496 2815 εῦχομαι.

191 2841 233 2906 ib.
253 2843 311 2906 199
335 2834 394 2906 εἶτ’
418 2830 478 2906 οῦν
498 2838 597 2921 θεόςε
619 2837 705 2908 πάνυ
728 2839 912 2929 αἰδημόνως
933 2839 951 2910 ό
974 2843 1072 2930 χορός
1090 2840 1128 2909 τό
1149 2843 1208 2928 μέν

108 2951 242 3033 πρᾶγμα
264 2950 358 3034 λέγει,
380 2947 457 3029 τοῦς
482 2950 517 3017 δέ
538 2949 727 3036 πράξαντας
750 2945 809 3018 οῦκ
832 2952 960 3038 ἐλέγχει.

193 3060 234 3124 ib.
259 3060 321 3122 610
340 3098 382 3106 ·-
404 3052 615 3146 εῦσχημόνως
647 3061 682 3127 δέ
705 3061 737 3140 ἐς
756 3057 814 3148 την
836 3057 1125 3150 Κλυταιμνήστραν
1150 3063 1208 3127 τόν

108 3162 204 3252 λόγον
227 3159 448 3234 όποτείνουσι.
1220 3178 1254 3229 25

199 3335 339 3389 6Ph0en.
361 3337 429 3389 1764
446 3334 460 3389 ό
480 3333 565 3406 χορὸς
585 3337 615 3390 ἐκ
634 3332 786 3408 προσώπου
803 3341 851 3392 τοῦ
869 3340 989 3406 ποιητοῦ.
1021 3340 1127 3394 Aloeet.
1145 3340 1206 3395 962.

199 3436 215 3488 8
234 3433 268 3487 de
289 3433 443 3497 sacerdote,
464 3434 512 3502 qui
533 3452 626 3504 regem
637 3435 774 3505 Oedipum
793 3436 962 3492 adhortatur
980 3438 1052 3490 v.49
1073 3433 1158 3508 ἀρχῆς
1175 3437 1206 3490 δὲ

108 3531 154 3596 τῆς
172 3531 221 3596 σῆς
238 3530 376 3602 μηδαμῶς
392 3526 577 3602 μεμνηίμεθα,
601 3525 711 3590 στάντες
730 3532 753 3585 τ’
764 3533 792 3592 ἐς
810 3529 899 3602 ὀρθὸν
918 3537 964 3586 καὶ
983 3527 1114 3592 πεσόντες
1132 3529 1207 3587 ῦστε-

109 3645 158 3694 ρον
184 3626 335 3680 scholiasta
361 3626 442 3681 haee:
472 3620 545 3682 πάνυ
563 3628 594 3681 δὲ
616 3623 774 3698 αἰδημόνως
792 3624 841 3681 οῦκ
859 3629 943 3695 εἶπεν,
962 3624 1003 3682 ὅτι
1023 3624 1111 3683 οὐκέτι
1127 3622 1207 3700 τιμή-

110 3738 149 3775 σει
169 3738 200 3775 σε
217 3721 233 3790 ἦ
252 3717 338 3785 πόλις,
358 3719 424 3775 ἄλλα
445 3719 496 3777 σὺν
512 3725 543 3796 τῇ
562 3719 627 3798 εὐχῇ
647 3721 677 3778 τὸ
696 3719 761 3778 ὅλου
780 3729 940 3792 κατέθηκεν,
967 3725 1016 3780 ubi
1038 3743 1072 3780 ex
1089 3726 1206 3781 scholio-

109 3822 167 3872 otae
186 3818 297 3872 dicendi
314 3835 416 3886 genere
441 3819 619 3893 ¹scribendum
644 3825 687 3873 est
711 3814 785 3874 πόνει
809 3821 841 3874 δὲ
869 3817 1026 3892 αἰδημόνως
1044 3817 1092 3874 υίκ
1110 3815 1205 3876 ‹ivn-

109 3933 188 3984 κρυς
207 3915 284 3968 εἶπεν
302 3917 366 3980 κτλ,
386 3919 418 3968 nt
436 3915 465 3968 in
484 3915 533 3969 illo
553 3916 658 3970 scholio
677 3917 783 3971 Ai.158
801 3913 834 3971 οῦ
851 3920 929 3972 τοῦτο
948 3912 1071 3988 ῦντικρυς
1088 3919 1184 3972 ἐποίει.

183 4013 215 4064 13
234 4004 359 4077 βασιλεῦς
376 4011 448 4064 Aiax
467 4011 578 4066 dieitur.

232 4109 358 4166 πιθανῶς
374 4139 407 4146 -
419 4111 586 4181 εἱμαρμένης
605 4127 679 4164 nune
700 4128 763 4165 oum
786 4110 944 4179 insequenti
963 4112 1159 4167 observatione
1177 4113 1206 4166 in

109 4220 195 4255 unum
213 4203 336 4257 scholion
354 4208 500 4259 eontracta
518 4205 554 4259 od
571 4223 683 4259 versum
703 4207 754 4259 137
772 4210 915 4274 spectant:
931 4207 963 4260 σὲ
984 4208 1011 4259 δ’
1030 4203 1097 4262 ὅταν
1114 4205 1203 4278 πληγὴ

109 4296 177 4357 Διὸς
197 4329 227 4337 --
249 4301 339 4372 ἐπιβῇ,
362 4301 440 4354 euius
460 4297 638 4374 παράφρασις
654 4301 684 4355 in
703 4300 757 4354 fine
776 4301 875 4355 scholii
892 4302 1006 4372 legitur.

184 4398 215 4448 16
234 4399 495 4468 σεσυκοφαντῆσθαι
512 4398 536 4452 G
557 4406 789 4472 συκοφαντεῖσθαι
803 4399 835 4453 L.

1342 997 1355 1041 3.

1314 1057 1333 1087 ,χ
1340 1068 1349 1101 ίι
