<?xml version="1.0" encoding="UTF-8"?>
<!DOCTYPE html PUBLIC "-//W3C//DTD XHTML 1.0 Transitional//EN"
    "http://www.w3.org/TR/xhtml1/DTD/xhtml1-transitional.dtd">
<html xmlns="http://www.w3.org/1999/xhtml" xml:lang="en" lang="en">
 <head>
  <title>
</title>
<meta http-equiv="Content-Type" content="text/html;charset=utf-8" />
  <meta name='ocr-system' content='tesseract 3.04.00' />
  <meta name='ocr-capabilities' content='ocr_page ocr_carea ocr_par ocr_line ocrx_word'/>
</head>
<body>
  <div class='ocr_page' id='page_1' title='image "./grammaticorvmgr00trengoog_0079.png"; bbox 0 0 3000 5176; ppageno 0'>
   <div class='ocr_carea' id='block_1_1' title="bbox 808 312 851 376">
    <p class='ocr_par' dir='ltr' id='par_1_1' title="bbox 808 312 851 376">
     <span class='ocr_line' id='line_1_1' title="bbox 808 312 851 376; baseline 0 0"><span class='ocrx_word' id='word_1_1' title='bbox 808 312 851 376; x_wconf 87' lang='grc'>68</span> 
     </span>
    </p>
   </div>
   <div class='ocr_carea' id='block_1_2' title="bbox 181 489 1377 585">
    <p class='ocr_par' dir='ltr' id='par_1_2' title="bbox 181 489 1377 585">
     <span class='ocr_line' id='line_1_2' title="bbox 181 489 1377 585; baseline -0.003 -22"><span class='ocrx_word' id='word_1_2' title='bbox 181 533 184 536; x_wconf 92' lang='lat'><strong>·</strong></span> <span class='ocrx_word' id='word_1_3' title='bbox 264 489 401 583; x_wconf 75' lang='lat' dir='ltr'>genus,</span> <span class='ocrx_word' id='word_1_4' title='bbox 430 497 517 583; x_wconf 90' lang='lat' dir='ltr'>quod</span> <span class='ocrx_word' id='word_1_5' title='bbox 548 498 692 562; x_wconf 87' lang='lat' dir='ltr'>breviter</span> <span class='ocrx_word' id='word_1_6' title='bbox 723 506 887 581; x_wconf 84' lang='lat' dir='ltr'>tangatur,</span> <span class='ocrx_word' id='word_1_7' title='bbox 914 520 1025 562; x_wconf 90' lang='lat' dir='ltr'>eorum</span> <span class='ocrx_word' id='word_1_8' title='bbox 1058 498 1192 579; x_wconf 89' lang='lat' dir='ltr'>seilicet,</span> <span class='ocrx_word' id='word_1_9' title='bbox 1227 520 1309 585; x_wconf 92' lang='lat' dir='ltr'>quae</span> <span class='ocrx_word' id='word_1_10' title='bbox 1338 497 1377 561; x_wconf 88' lang='lat' dir='ltr'>ad</span> 
     </span>
    </p>
   </div>
   <div class='ocr_carea' id='block_1_3' title="bbox 253 591 1468 2331">
    <p class='ocr_par' dir='ltr' id='par_1_3' title="bbox 253 591 1468 2331">
     <span class='ocr_line' id='line_1_3' title="bbox 283 591 1378 694; baseline -0.001 -24"><span class='ocrx_word' id='word_1_11' title='bbox 283 618 453 694; x_wconf 90' lang='lat' dir='ltr'>poetarum</span> <span class='ocrx_word' id='word_1_12' title='bbox 478 607 676 692; x_wconf 82' lang='lat' dir='ltr'>tragicorum</span> <span class='ocrx_word' id='word_1_13' title='bbox 707 606 892 672; x_wconf 80' lang='lat' dir='ltr'>dissensum</span> <span class='ocrx_word' id='word_1_14' title='bbox 917 608 969 671; x_wconf 89' lang='lat' dir='ltr'>vel</span> <span class='ocrx_word' id='word_1_15' title='bbox 995 591 1188 673; x_wconf 89' lang='lat' dir='ltr'>consensum</span> <span class='ocrx_word' id='word_1_16' title='bbox 1212 630 1285 671; x_wconf 92' lang='lat' dir='ltr'>cum</span> <span class='ocrx_word' id='word_1_17' title='bbox 1309 606 1378 670; x_wconf 91' lang='lat' dir='ltr'>Ho-</span> 
     </span>
     <span class='ocr_line' id='line_1_4' title="bbox 284 717 1379 805; baseline 0.002 -25"><span class='ocrx_word' id='word_1_18' title='bbox 284 739 374 781; x_wconf 87' lang='lat' dir='ltr'><strong>mero</strong></span> <span class='ocrx_word' id='word_1_19' title='bbox 399 726 556 803; x_wconf 86' lang='lat' dir='ltr'>spectant.</span> <span class='ocrx_word' id='word_1_20' title='bbox 597 728 767 803; x_wconf 82' lang='lat' dir='ltr'>postquam</span> <span class='ocrx_word' id='word_1_21' title='bbox 790 719 913 805; x_wconf 92' lang='lat' dir='ltr'>primus</span> <span class='ocrx_word' id='word_1_22' title='bbox 937 719 1081 786; x_wconf 83' lang='lat' dir='ltr'>Cobetus</span> <span class='ocrx_word' id='word_1_23' title='bbox 1104 719 1137 782; x_wconf 90' lang='lat' dir='ltr'>in</span> <span class='ocrx_word' id='word_1_24' title='bbox 1163 718 1278 784; x_wconf 92' lang='lat' dir='ltr'>scholl.</span> <span class='ocrx_word' id='word_1_25' title='bbox 1301 717 1379 783; x_wconf 84' lang='lat' dir='ltr'>Eur.</span> 
     </span>
     <span class='ocr_line' id='line_1_5' title="bbox 283 824 1378 908; baseline 0.002 -20"><span class='ocrx_word' id='word_1_26' title='bbox 283 825 324 888; x_wconf 89' lang='lat' dir='ltr'>ad</span> <span class='ocrx_word' id='word_1_27' title='bbox 346 824 426 888; x_wconf 90' lang='lat' dir='ltr'>Hec.</span> <span class='ocrx_word' id='word_1_28' title='bbox 454 826 510 888; x_wconf 81' lang='lat' dir='ltr'>l.4</span> <span class='ocrx_word' id='word_1_29' title='bbox 534 825 773 908; x_wconf 89' lang='lat' dir='ltr'>animadvertit,</span> <span class='ocrx_word' id='word_1_30' title='bbox 796 827 929 892; x_wconf 87' lang='lat' dir='ltr'>solitum</span> <span class='ocrx_word' id='word_1_31' title='bbox 952 827 1055 893; x_wconf 88' lang='lat' dir='ltr'>fuisse</span> <span class='ocrx_word' id='word_1_32' title='bbox 1076 829 1116 892; x_wconf 89' lang='lat' dir='ltr'>ab</span> <span class='ocrx_word' id='word_1_33' title='bbox 1142 828 1288 892; x_wconf 86' lang='lat' dir='ltr'>Homero</span> <span class='ocrx_word' id='word_1_34' title='bbox 1315 825 1378 890; x_wconf 90' lang='lat' dir='ltr'>dis-</span> 
     </span>
     <span class='ocr_line' id='line_1_6' title="bbox 282 933 1379 1022; baseline 0.002 -23"><span class='ocrx_word' id='word_1_35' title='bbox 282 956 416 999; x_wconf 88' lang='lat' dir='ltr'>sensum</span> <span class='ocrx_word' id='word_1_36' title='bbox 430 933 463 997; x_wconf 94' lang='lat' dir='ltr'>in</span> <span class='ocrx_word' id='word_1_37' title='bbox 483 934 615 998; x_wconf 84' lang='lat' dir='ltr'>scholiis</span> <span class='ocrx_word' id='word_1_38' title='bbox 637 959 657 1015; x_wconf 90' lang='grc' dir='ltr'><em>χ</em></span> <span class='ocrx_word' id='word_1_39' title='bbox 681 935 775 1018; x_wconf 87' lang='lat' dir='ltr'>signo</span> <span class='ocrx_word' id='word_1_40' title='bbox 799 936 915 1019; x_wconf 87' lang='lat' dir='ltr'>notari,</span> <span class='ocrx_word' id='word_1_41' title='bbox 938 937 993 1022; x_wconf 92' lang='lat' dir='ltr'>qui</span> <span class='ocrx_word' id='word_1_42' title='bbox 1009 937 1173 1003; x_wconf 81' lang='lat' dir='ltr'>dissensus</span> <span class='ocrx_word' id='word_1_43' title='bbox 1189 938 1221 1002; x_wconf 92' lang='lat' dir='ltr'>in</span> <span class='ocrx_word' id='word_1_44' title='bbox 1234 937 1379 1001; x_wconf 79' lang='lat' dir='ltr'>Homero</span> 
     </span>
     <span class='ocr_line' id='line_1_7' title="bbox 282 1041 1377 1132; baseline 0.004 -28"><span class='ocrx_word' id='word_1_45' title='bbox 282 1041 352 1129; x_wconf 85' lang='lat' dir='ltr'>ipso</span> <span class='ocrx_word' id='word_1_46' title='bbox 375 1041 465 1129; x_wconf 89' lang='lat' dir='ltr'>dipla</span> <span class='ocrx_word' id='word_1_47' title='bbox 487 1042 617 1129; x_wconf 85' lang='lat' dir='ltr'>appioto</span> <span class='ocrx_word' id='word_1_48' title='bbox 641 1053 820 1126; x_wconf 79' lang='lat' dir='ltr'>notaretur,</span> <span class='ocrx_word' id='word_1_49' title='bbox 843 1045 1094 1114; x_wconf 85' lang='lat' dir='ltr'>etSchraderus</span> <span class='ocrx_word' id='word_1_50' title='bbox 1117 1046 1171 1112; x_wconf 89' lang='lat' dir='ltr'>l.l.</span> <span class='ocrx_word' id='word_1_51' title='bbox 1185 1069 1214 1132; x_wconf 88' lang='lat' dir='ltr'>p.</span> <span class='ocrx_word' id='word_1_52' title='bbox 1229 1046 1267 1110; x_wconf 82' lang='lat'>19</span> <span class='ocrx_word' id='word_1_53' title='bbox 1288 1045 1377 1110; x_wconf 86' lang='lat' dir='ltr'>addi·</span> 
     </span>
     <span class='ocr_line' id='line_1_8' title="bbox 283 1149 1378 1241; baseline 0.005 -29"><span class='ocrx_word' id='word_1_54' title='bbox 283 1149 340 1234; x_wconf 90' lang='lat' dir='ltr'>dit,</span> <span class='ocrx_word' id='word_1_55' title='bbox 369 1151 465 1216; x_wconf 88' lang='lat' dir='ltr'>etiam</span> <span class='ocrx_word' id='word_1_56' title='bbox 499 1152 681 1217; x_wconf 87' lang='lat' dir='ltr'>dissensum</span> <span class='ocrx_word' id='word_1_57' title='bbox 716 1175 789 1216; x_wconf 91' lang='lat' dir='ltr'>cum</span> <span class='ocrx_word' id='word_1_58' title='bbox 819 1153 890 1216; x_wconf 90' lang='lat' dir='ltr'>aliis</span> <span class='ocrx_word' id='word_1_59' title='bbox 919 1153 1023 1241; x_wconf 89' lang='lat' dir='ltr'>poetis</span> <span class='ocrx_word' id='word_1_60' title='bbox 1048 1155 1110 1219; x_wconf 93' lang='lat' dir='ltr'>hoc</span> <span class='ocrx_word' id='word_1_61' title='bbox 1139 1155 1236 1219; x_wconf 87' lang='lat' dir='ltr'>modo</span> <span class='ocrx_word' id='word_1_62' title='bbox 1262 1155 1378 1234; x_wconf 90' lang='lat' dir='ltr'>notari,</span> 
     </span>
     <span class='ocr_line' id='line_1_9' title="bbox 253 1261 1468 1352; baseline 0.005 -29"><span class='ocrx_word' id='word_1_63' title='bbox 253 1264 377 1344; x_wconf 82' lang='lat' dir='ltr'>&#39;(quae</span> <span class='ocrx_word' id='word_1_64' title='bbox 410 1271 505 1325; x_wconf 88' lang='lat' dir='ltr'>notae</span> <span class='ocrx_word' id='word_1_65' title='bbox 539 1271 570 1325; x_wconf 90' lang='lat' dir='ltr'>et</span> <span class='ocrx_word' id='word_1_66' title='bbox 595 1261 772 1326; x_wconf 88' lang='lat' dir='ltr'>dictionem</span> <span class='ocrx_word' id='word_1_67' title='bbox 805 1273 836 1326; x_wconf 90' lang='lat' dir='ltr'>et</span> <span class='ocrx_word' id='word_1_68' title='bbox 866 1284 918 1326; x_wconf 89' lang='lat' dir='ltr'>res</span> <span class='ocrx_word' id='word_1_69' title='bbox 953 1263 1113 1349; x_wconf 84' lang='lat' dir='ltr'>mythieas</span> <span class='ocrx_word' id='word_1_70' title='bbox 1142 1265 1379 1352; x_wconf 81' lang='lat' dir='ltr'>geographicas</span> <span class='ocrx_word' id='word_1_71' title='bbox 1464 1338 1468 1345; x_wconf 27' lang='lat'>¹</span> 
     </span>
     <span class='ocr_line' id='line_1_10' title="bbox 282 1369 1379 1461; baseline 0.005 -29"><span class='ocrx_word' id='word_1_72' title='bbox 282 1369 512 1453; x_wconf 87' lang='lat' dir='ltr'>grammaticas</span> <span class='ocrx_word' id='word_1_73' title='bbox 534 1370 765 1455; x_wconf 85' lang='lat' dir='ltr'>respiciebant)</span> <span class='ocrx_word' id='word_1_74' title='bbox 787 1393 846 1436; x_wconf 91' lang='lat' dir='ltr'>nos</span> <span class='ocrx_word' id='word_1_75' title='bbox 880 1395 981 1436; x_wconf 91' lang='lat' dir='ltr'>unum</span> <span class='ocrx_word' id='word_1_76' title='bbox 1006 1374 1194 1461; x_wconf 90' lang='lat' dir='ltr'>exemplum</span> <span class='ocrx_word' id='word_1_77' title='bbox 1219 1375 1379 1460; x_wconf 87' lang='lat' dir='ltr'>eognovi-</span> 
     </span>
     <span class='ocr_line' id='line_1_11' title="bbox 283 1477 1376 1567; baseline 0.004 -25"><span class='ocrx_word' id='word_1_78' title='bbox 283 1502 364 1560; x_wconf 91' lang='lat' dir='ltr'>mus,</span> <span class='ocrx_word' id='word_1_79' title='bbox 397 1477 450 1542; x_wconf 93' lang='lat' dir='ltr'>ubi</span> <span class='ocrx_word' id='word_1_80' title='bbox 473 1488 575 1542; x_wconf 87' lang='lat' dir='ltr'>artem</span> <span class='ocrx_word' id='word_1_81' title='bbox 601 1478 734 1566; x_wconf 89' lang='lat' dir='ltr'>respicit</span> <span class='ocrx_word' id='word_1_82' title='bbox 758 1480 897 1564; x_wconf 86' lang='lat' dir='ltr'>signum,</span> <span class='ocrx_word' id='word_1_83' title='bbox 923 1483 1072 1547; x_wconf 90' lang='lat' dir='ltr'>scholion</span> <span class='ocrx_word' id='word_1_84' title='bbox 1095 1481 1210 1567; x_wconf 84' lang='lat' dir='ltr'>Antig.</span> <span class='ocrx_word' id='word_1_85' title='bbox 1231 1482 1312 1547; x_wconf 82' lang='lat'>1350</span> <span class='ocrx_word' id='word_1_86' title='bbox 1335 1504 1376 1546; x_wconf 86' lang='lat' dir='ltr'>ex</span> 
     </span>
     <span class='ocr_line' id='line_1_12' title="bbox 285 1586 1379 1677; baseline 0.005 -29"><span class='ocrx_word' id='word_1_87' title='bbox 285 1586 513 1675; x_wconf 79' lang='lat' dir='ltr'>Aristophanis</span> <span class='ocrx_word' id='word_1_88' title='bbox 539 1598 733 1670; x_wconf 88' lang='lat' dir='ltr'>argumento</span> <span class='ocrx_word' id='word_1_89' title='bbox 756 1589 973 1677; x_wconf 88' lang='lat' dir='ltr'>desumptum.</span> <span class='ocrx_word' id='word_1_90' title='bbox 997 1591 1059 1655; x_wconf 88' lang='lat' dir='ltr'>iarn</span> <span class='ocrx_word' id='word_1_91' title='bbox 1075 1591 1251 1655; x_wconf 87' lang='lat' dir='ltr'>nonnullae</span> <span class='ocrx_word' id='word_1_92' title='bbox 1266 1601 1379 1656; x_wconf 85' lang='lat' dir='ltr'>extant</span> 
     </span>
     <span class='ocr_line' id='line_1_13' title="bbox 282 1695 1378 1786; baseline 0.004 -25"><span class='ocrx_word' id='word_1_93' title='bbox 282 1698 313 1762; x_wconf 91' lang='lat' dir='ltr'>in</span> <span class='ocrx_word' id='word_1_94' title='bbox 346 1695 489 1778; x_wconf 83' lang='lat' dir='ltr'>scholiis,</span> <span class='ocrx_word' id='word_1_95' title='bbox 526 1695 723 1783; x_wconf 87' lang='lat' dir='ltr'>Sophocleis</span> <span class='ocrx_word' id='word_1_96' title='bbox 752 1699 967 1785; x_wconf 87' lang='lat' dir='ltr'>potissimum,</span> <span class='ocrx_word' id='word_1_97' title='bbox 1005 1699 1261 1783; x_wconf 82' lang='lat' dir='ltr'>observationes,</span> <span class='ocrx_word' id='word_1_98' title='bbox 1294 1721 1378 1786; x_wconf 90' lang='lat' dir='ltr'>quae</span> 
     </span>
     <span class='ocr_line' id='line_1_14' title="bbox 281 1805 1378 1893; baseline 0.004 -24"><span class='ocrx_word' id='word_1_99' title='bbox 281 1805 505 1870; x_wconf 88' lang='lat' dir='ltr'>oeconomiam</span> <span class='ocrx_word' id='word_1_100' title='bbox 527 1830 545 1870; x_wconf 90' lang='lat' dir='ltr'>a</span> <span class='ocrx_word' id='word_1_101' title='bbox 567 1806 671 1893; x_wconf 89' lang='lat' dir='ltr'>poetis</span> <span class='ocrx_word' id='word_1_102' title='bbox 695 1807 853 1871; x_wconf 86' lang='lat' dir='ltr'>scaenicis</span> <span class='ocrx_word' id='word_1_103' title='bbox 874 1808 971 1872; x_wconf 89' lang='lat' dir='ltr'>aliter</span> <span class='ocrx_word' id='word_1_104' title='bbox 993 1819 1092 1893; x_wconf 90' lang='lat' dir='ltr'>atque</span> <span class='ocrx_word' id='word_1_105' title='bbox 1114 1808 1153 1872; x_wconf 83' lang='lat' dir='ltr'>ab</span> <span class='ocrx_word' id='word_1_106' title='bbox 1167 1807 1313 1872; x_wconf 89' lang='lat' dir='ltr'>Homero</span> <span class='ocrx_word' id='word_1_107' title='bbox 1331 1808 1378 1873; x_wconf 92' lang='lat' dir='ltr'>in-</span> 
     </span>
     <span class='ocr_line' id='line_1_15' title="bbox 282 1915 1376 2004; baseline 0.003 -26"><span class='ocrx_word' id='word_1_108' title='bbox 282 1915 426 1979; x_wconf 88' lang='lat' dir='ltr'>stitutam</span> <span class='ocrx_word' id='word_1_109' title='bbox 451 1915 649 1998; x_wconf 87' lang='lat' dir='ltr'>significent.</span> <span class='ocrx_word' id='word_1_110' title='bbox 673 1915 707 1979; x_wconf 90' lang='lat' dir='ltr'>in</span> <span class='ocrx_word' id='word_1_111' title='bbox 723 1916 773 1979; x_wconf 89' lang='lat' dir='ltr'>his</span> <span class='ocrx_word' id='word_1_112' title='bbox 787 1917 920 2004; x_wconf 90' lang='lat' dir='ltr'>propria</span> <span class='ocrx_word' id='word_1_113' title='bbox 937 1918 1077 2002; x_wconf 89' lang='lat' dir='ltr'>quadam</span> <span class='ocrx_word' id='word_1_114' title='bbox 1096 1916 1207 1981; x_wconf 91' lang='lat' dir='ltr'>indole</span> <span class='ocrx_word' id='word_1_115' title='bbox 1230 1917 1376 1981; x_wconf 89' lang='lat' dir='ltr'>eminent</span> 
     </span>
     <span class='ocr_line' id='line_1_16' title="bbox 283 2022 1377 2112; baseline 0.001 -24"><span class='ocrx_word' id='word_1_116' title='bbox 283 2023 409 2088; x_wconf 89' lang='lat' dir='ltr'>scholia</span> <span class='ocrx_word' id='word_1_117' title='bbox 431 2022 472 2086; x_wconf 91' lang='lat' dir='ltr'>ad</span> <span class='ocrx_word' id='word_1_118' title='bbox 497 2023 598 2112; x_wconf 83' lang='lat' dir='ltr'>Soph.</span> <span class='ocrx_word' id='word_1_119' title='bbox 621 2023 743 2090; x_wconf 84' lang='lat' dir='ltr'>Electr.</span> <span class='ocrx_word' id='word_1_120' title='bbox 767 2025 962 2107; x_wconf 78' lang='lat' dir='ltr'>r,445‚539.</span> <span class='ocrx_word' id='word_1_121' title='bbox 1006 2027 1085 2090; x_wconf 88' lang='lat' dir='ltr'>haec</span> <span class='ocrx_word' id='word_1_122' title='bbox 1116 2026 1204 2090; x_wconf 90' lang='lat' dir='ltr'>enim</span> <span class='ocrx_word' id='word_1_123' title='bbox 1237 2049 1274 2091; x_wconf 88' lang='lat' dir='ltr'>eo</span> <span class='ocrx_word' id='word_1_124' title='bbox 1295 2025 1377 2091; x_wconf 88' lang='lat' dir='ltr'>mire</span> 
     </span>
     <span class='ocr_line' id='line_1_17' title="bbox 282 2132 1375 2221; baseline 0 -23"><span class='ocrx_word' id='word_1_125' title='bbox 282 2133 497 2211; x_wconf 88' lang='lat' dir='ltr'>consentiunt,</span> <span class='ocrx_word' id='word_1_126' title='bbox 530 2132 618 2218; x_wconf 89' lang='lat' dir='ltr'>quod</span> <span class='ocrx_word' id='word_1_127' title='bbox 646 2133 820 2199; x_wconf 88' lang='lat' dir='ltr'>scholiasta</span> <span class='ocrx_word' id='word_1_128' title='bbox 842 2134 980 2199; x_wconf 87' lang='lat' dir='ltr'>alterum</span> <span class='ocrx_word' id='word_1_129' title='bbox 1003 2135 1166 2221; x_wconf 88' lang='lat' dir='ltr'>quendam</span> <span class='ocrx_word' id='word_1_130' title='bbox 1189 2134 1375 2220; x_wconf 89' lang='lat' dir='ltr'>grammati·</span> 
     </span>
     <span class='ocr_line' id='line_1_18' title="bbox 281 2241 1376 2331; baseline 0 -25"><span class='ocrx_word' id='word_1_131' title='bbox 281 2265 353 2306; x_wconf 88' lang='lat' dir='ltr'>cum</span> <span class='ocrx_word' id='word_1_132' title='bbox 377 2242 600 2328; x_wconf 84' lang='lat' dir='ltr'>reprehendit,</span> <span class='ocrx_word' id='word_1_133' title='bbox 631 2242 684 2326; x_wconf 91' lang='lat' dir='ltr'>qni</span> <span class='ocrx_word' id='word_1_134' title='bbox 707 2266 726 2305; x_wconf 89' lang='lat' dir='ltr'>a</span> <span class='ocrx_word' id='word_1_135' title='bbox 749 2241 918 2329; x_wconf 85' lang='lat' dir='ltr'>Sophocle</span> <span class='ocrx_word' id='word_1_136' title='bbox 942 2243 1141 2331; x_wconf 90' lang='lat' dir='ltr'>poposcerit,</span> <span class='ocrx_word' id='word_1_137' title='bbox 1174 2255 1209 2308; x_wconf 91' lang='lat' dir='ltr'>ut</span> <span class='ocrx_word' id='word_1_138' title='bbox 1231 2242 1376 2308; x_wconf 86' lang='lat' dir='ltr'>fabulam</span> 
     </span>
    </p>
   </div>
   <div class='ocr_carea' id='block_1_4' title="bbox 281 2350 1493 2438">
    <p class='ocr_par' dir='ltr' id='par_1_4' title="bbox 281 2350 1493 2438">
     <span class='ocr_line' id='line_1_19' title="bbox 281 2350 1493 2438; baseline 0.002 -24"><span class='ocrx_word' id='word_1_139' title='bbox 281 2373 372 2415; x_wconf 90' lang='lat' dir='ltr'>snam</span> <span class='ocrx_word' id='word_1_140' title='bbox 392 2372 523 2438; x_wconf 90' lang='lat' dir='ltr'>prorsus</span> <span class='ocrx_word' id='word_1_141' title='bbox 546 2351 742 2416; x_wconf 88' lang='lat' dir='ltr'>Homericae</span> <span class='ocrx_word' id='word_1_142' title='bbox 765 2352 943 2416; x_wconf 89' lang='lat' dir='ltr'>narrationi</span> <span class='ocrx_word' id='word_1_143' title='bbox 966 2352 1201 2417; x_wconf 88' lang='lat' dir='ltr'>accomodaret.</span> <span class='ocrx_word' id='word_1_144' title='bbox 1247 2352 1293 2416; x_wconf 86' lang='lat' dir='ltr'>sic</span> <span class='ocrx_word' id='word_1_145' title='bbox 1318 2350 1376 2415; x_wconf 91' lang='lat' dir='ltr'>de·</span> <span class='ocrx_word' id='word_1_146' title='bbox 1490 2413 1493 2416; x_wconf 77' lang='grc'>,</span> 
     </span>
    </p>
   </div>
   <div class='ocr_carea' id='block_1_5' title="bbox 278 2458 1377 4402">
    <p class='ocr_par' dir='ltr' id='par_1_5' title="bbox 278 2458 1377 4402">
     <span class='ocr_line' id='line_1_20' title="bbox 281 2458 1375 2544; baseline 0.001 -22"><span class='ocrx_word' id='word_1_147' title='bbox 281 2458 379 2522; x_wconf 87' lang='lat' dir='ltr'>bebat</span> <span class='ocrx_word' id='word_1_148' title='bbox 391 2459 583 2544; x_wconf 85' lang='lat' dir='ltr'>Sophocles,</span> <span class='ocrx_word' id='word_1_149' title='bbox 604 2459 661 2524; x_wconf 91' lang='lat' dir='ltr'>illo</span> <span class='ocrx_word' id='word_1_150' title='bbox 677 2460 889 2543; x_wconf 87' lang='lat' dir='ltr'>grammatico</span> <span class='ocrx_word' id='word_1_151' title='bbox 905 2459 1023 2541; x_wconf 87' lang='lat' dir='ltr'>iudice,</span> <span class='ocrx_word' id='word_1_152' title='bbox 1048 2460 1163 2525; x_wconf 89' lang='lat' dir='ltr'>eodem</span> <span class='ocrx_word' id='word_1_153' title='bbox 1180 2459 1288 2543; x_wconf 91' lang='lat' dir='ltr'>modo,</span> <span class='ocrx_word' id='word_1_154' title='bbox 1312 2482 1375 2544; x_wconf 90' lang='lat' dir='ltr'>quo</span> 
     </span>
     <span class='ocr_line' id='line_1_21' title="bbox 281 2565 1375 2655; baseline 0.001 -24"><span class='ocrx_word' id='word_1_155' title='bbox 281 2566 431 2631; x_wconf 81' lang='lat' dir='ltr'>Minerva</span> <span class='ocrx_word' id='word_1_156' title='bbox 447 2565 539 2630; x_wconf 86' lang='lat' dir='ltr'>Vlixi</span> <span class='ocrx_word' id='word_1_157' title='bbox 565 2567 711 2632; x_wconf 89' lang='lat' dir='ltr'>Ithacam</span> <span class='ocrx_word' id='word_1_158' title='bbox 734 2579 893 2632; x_wconf 87' lang='lat' dir='ltr'>monstrat</span> <span class='ocrx_word' id='word_1_159' title='bbox 922 2569 1021 2632; x_wconf 72' lang='lat' dir='ltr'>velt</span> <span class='ocrx_word' id='word_1_160' title='bbox 1039 2591 1122 2654; x_wconf 77' lang='lat' dir='ltr'>sqq,</span> <span class='ocrx_word' id='word_1_161' title='bbox 1145 2569 1375 2655; x_wconf 86' lang='lat' dir='ltr'>paedagogum</span> 
     </span>
     <span class='ocr_line' id='line_1_22' title="bbox 282 2673 1376 2762; baseline 0.002 -24"><span class='ocrx_word' id='word_1_162' title='bbox 282 2675 440 2740; x_wconf 87' lang='lat' dir='ltr'>inducero</span> <span class='ocrx_word' id='word_1_163' title='bbox 466 2673 579 2741; x_wconf 89' lang='lat' dir='ltr'>Oresti</span> <span class='ocrx_word' id='word_1_164' title='bbox 601 2676 714 2760; x_wconf 87' lang='lat' dir='ltr'>Argos</span> <span class='ocrx_word' id='word_1_165' title='bbox 738 2686 985 2760; x_wconf 82' lang='lat' dir='ltr'>monstrantem,</span> <span class='ocrx_word' id='word_1_166' title='bbox 1009 2676 1055 2741; x_wconf 92' lang='lat' dir='ltr'>sic</span> <span class='ocrx_word' id='word_1_167' title='bbox 1078 2676 1220 2741; x_wconf 90' lang='lat' dir='ltr'>debebat</span> <span class='ocrx_word' id='word_1_168' title='bbox 1244 2675 1376 2762; x_wconf 80' lang='lat' dir='ltr'>Clytae-</span> 
     </span>
     <span class='ocr_line' id='line_1_23' title="bbox 280 2783 1376 2870; baseline 0.004 -24"><span class='ocrx_word' id='word_1_169' title='bbox 280 2796 456 2848; x_wconf 89' lang='lat' dir='ltr'>mnestram</span> <span class='ocrx_word' id='word_1_170' title='bbox 477 2807 543 2849; x_wconf 89' lang='lat' dir='ltr'>non</span> <span class='ocrx_word' id='word_1_171' title='bbox 566 2783 600 2848; x_wconf 91' lang='lat' dir='ltr'>in</span> <span class='ocrx_word' id='word_1_172' title='bbox 621 2784 738 2849; x_wconf 88' lang='lat' dir='ltr'>balneo</span> <span class='ocrx_word' id='word_1_173' title='bbox 760 2784 1013 2850; x_wconf 86' lang='lat' dir='ltr'>interficientem</span> <span class='ocrx_word' id='word_1_174' title='bbox 1031 2785 1141 2850; x_wconf 87' lang='lat' dir='ltr'>facere</span> <span class='ocrx_word' id='word_1_175' title='bbox 1154 2785 1376 2870; x_wconf 88' lang='lat' dir='ltr'>Agamemno·</span> 
     </span>
     <span class='ocr_line' id='line_1_24' title="bbox 280 2892 1377 2979; baseline 0.002 -23"><span class='ocrx_word' id='word_1_176' title='bbox 280 2915 366 2974; x_wconf 91' lang='lat' dir='ltr'>nem,</span> <span class='ocrx_word' id='word_1_177' title='bbox 391 2893 449 2958; x_wconf 89' lang='lat' dir='ltr'>sed</span> <span class='ocrx_word' id='word_1_178' title='bbox 472 2903 508 2959; x_wconf 92' lang='lat' dir='ltr'>ut</span> <span class='ocrx_word' id='word_1_179' title='bbox 529 2895 694 2959; x_wconf 88' lang='lat' dir='ltr'>Homerus</span> <span class='ocrx_word' id='word_1_180' title='bbox 716 2893 811 2959; x_wconf 67' lang='lat'>6535</span> <span class='ocrx_word' id='word_1_181' title='bbox 833 2894 867 2957; x_wconf 91' lang='lat' dir='ltr'>in</span> <span class='ocrx_word' id='word_1_182' title='bbox 897 2914 1011 2978; x_wconf 89' lang='lat' dir='ltr'>coena,</span> <span class='ocrx_word' id='word_1_183' title='bbox 1045 2892 1090 2958; x_wconf 90' lang='lat' dir='ltr'>sic</span> <span class='ocrx_word' id='word_1_184' title='bbox 1115 2893 1257 2979; x_wconf 88' lang='lat' dir='ltr'>denique</span> <span class='ocrx_word' id='word_1_185' title='bbox 1281 2893 1377 2958; x_wconf 89' lang='lat' dir='ltr'>debe-</span> 
     </span>
     <span class='ocr_line' id='line_1_25' title="bbox 280 3001 1377 3084; baseline -0.002 -18"><span class='ocrx_word' id='word_1_186' title='bbox 280 3001 334 3066; x_wconf 89' lang='lat' dir='ltr'>bat</span> <span class='ocrx_word' id='word_1_187' title='bbox 358 3025 421 3067; x_wconf 92' lang='lat' dir='ltr'>non</span> <span class='ocrx_word' id='word_1_188' title='bbox 445 3002 524 3066; x_wconf 89' lang='lat' dir='ltr'>duas</span> <span class='ocrx_word' id='word_1_189' title='bbox 545 3002 627 3067; x_wconf 91' lang='lat' dir='ltr'>filias</span> <span class='ocrx_word' id='word_1_190' title='bbox 640 3003 792 3069; x_wconf 86' lang='lat' dir='ltr'>Menelao</span> <span class='ocrx_word' id='word_1_191' title='bbox 818 3001 969 3084; x_wconf 89' lang='lat' dir='ltr'>tribucre,</span> <span class='ocrx_word' id='word_1_192' title='bbox 994 3002 1053 3067; x_wconf 88' lang='lat' dir='ltr'>sed</span> <span class='ocrx_word' id='word_1_193' title='bbox 1071 3013 1107 3070; x_wconf 91' lang='lat' dir='ltr'>ut</span> <span class='ocrx_word' id='word_1_194' title='bbox 1117 3001 1283 3068; x_wconf 90' lang='lat' dir='ltr'>Homerus</span> <span class='ocrx_word' id='word_1_195' title='bbox 1304 3001 1377 3067; x_wconf 64' lang='lat' dir='ltr'>dl?</span> 
     </span>
     <span class='ocr_line' id='line_1_26' title="bbox 280 3110 1376 3200; baseline -0.003 -24"><span class='ocrx_word' id='word_1_196' title='bbox 280 3134 387 3176; x_wconf 86' lang='lat' dir='ltr'>unam.</span> <span class='ocrx_word' id='word_1_197' title='bbox 436 3121 550 3176; x_wconf 88' lang='lat' dir='ltr'>contra</span> <span class='ocrx_word' id='word_1_198' title='bbox 578 3112 659 3176; x_wconf 91' lang='lat' dir='ltr'>haec</span> <span class='ocrx_word' id='word_1_199' title='bbox 679 3112 839 3200; x_wconf 86' lang='lat' dir='ltr'>postulata</span> <span class='ocrx_word' id='word_1_200' title='bbox 861 3111 1060 3199; x_wconf 87' lang='lat' dir='ltr'>Sophoclem</span> <span class='ocrx_word' id='word_1_201' title='bbox 1090 3112 1189 3177; x_wconf 89' lang='lat' dir='ltr'>tuitus</span> <span class='ocrx_word' id='word_1_202' title='bbox 1213 3110 1376 3176; x_wconf 86' lang='lat' dir='ltr'>subtiliter</span> 
     </span>
     <span class='ocr_line' id='line_1_27' title="bbox 279 3219 1375 3307; baseline -0.003 -22"><span class='ocrx_word' id='word_1_203' title='bbox 279 3230 312 3285; x_wconf 91' lang='lat' dir='ltr'>et</span> <span class='ocrx_word' id='word_1_204' title='bbox 345 3219 526 3307; x_wconf 89' lang='lat' dir='ltr'>prudenter</span> <span class='ocrx_word' id='word_1_205' title='bbox 560 3230 668 3284; x_wconf 90' lang='lat' dir='ltr'>monet</span> <span class='ocrx_word' id='word_1_206' title='bbox 705 3220 898 3302; x_wconf 87' lang='lat' dir='ltr'>scholiasta,</span> <span class='ocrx_word' id='word_1_207' title='bbox 927 3219 1091 3306; x_wconf 83' lang='lat' dir='ltr'>ignoranti</span> <span class='ocrx_word' id='word_1_208' title='bbox 1127 3230 1249 3284; x_wconf 90' lang='lat' dir='ltr'>terram</span> <span class='ocrx_word' id='word_1_209' title='bbox 1280 3241 1375 3283; x_wconf 90' lang='lat' dir='ltr'>mon-</span> 
     </span>
     <span class='ocr_line' id='line_1_28' title="bbox 279 3328 1373 3416; baseline -0.001 -24"><span class='ocrx_word' id='word_1_210' title='bbox 279 3339 381 3394; x_wconf 89' lang='lat' dir='ltr'>strare</span> <span class='ocrx_word' id='word_1_211' title='bbox 415 3330 656 3416; x_wconf 89' lang='lat' dir='ltr'>paedagogum,</span> <span class='ocrx_word' id='word_1_212' title='bbox 687 3331 868 3396; x_wconf 85' lang='lat' dir='ltr'>Minervam</span> <span class='ocrx_word' id='word_1_213' title='bbox 902 3328 1095 3411; x_wconf 85' lang='lat' dir='ltr'>incredulo;</span> <span class='ocrx_word' id='word_1_214' title='bbox 1129 3329 1206 3393; x_wconf 90' lang='lat' dir='ltr'>satis</span> <span class='ocrx_word' id='word_1_215' title='bbox 1239 3350 1321 3412; x_wconf 84' lang='lat' dir='ltr'>esse,</span> <span class='ocrx_word' id='word_1_216' title='bbox 1347 3328 1373 3392; x_wconf 93' lang='lat' dir='ltr'>si</span> 
     </span>
     <span class='ocr_line' id='line_1_29' title="bbox 279 3438 1376 3524; baseline 0 -22"><span class='ocrx_word' id='word_1_217' title='bbox 279 3438 432 3503; x_wconf 87' lang='lat' dir='ltr'>universa</span> <span class='ocrx_word' id='word_1_218' title='bbox 457 3439 568 3503; x_wconf 87' lang='lat' dir='ltr'>fabula</span> <span class='ocrx_word' id='word_1_219' title='bbox 588 3438 702 3504; x_wconf 89' lang='lat' dir='ltr'>eadem</span> <span class='ocrx_word' id='word_1_220' title='bbox 724 3449 863 3523; x_wconf 88' lang='lat' dir='ltr'>maneat,</span> <span class='ocrx_word' id='word_1_221' title='bbox 894 3439 926 3503; x_wconf 93' lang='lat' dir='ltr'>in</span> <span class='ocrx_word' id='word_1_222' title='bbox 949 3439 1090 3524; x_wconf 86' lang='lat' dir='ltr'>singulis</span> <span class='ocrx_word' id='word_1_223' title='bbox 1118 3441 1216 3504; x_wconf 89' lang='lat' dir='ltr'>rebus</span> <span class='ocrx_word' id='word_1_224' title='bbox 1243 3459 1304 3524; x_wconf 91' lang='lat' dir='ltr'>pro</span> <span class='ocrx_word' id='word_1_225' title='bbox 1326 3461 1376 3503; x_wconf 90' lang='lat' dir='ltr'>ar·</span> 
     </span>
     <span class='ocr_line' id='line_1_30' title="bbox 280 3546 1373 3634; baseline -0.002 -22"><span class='ocrx_word' id='word_1_226' title='bbox 280 3547 378 3612; x_wconf 89' lang='lat' dir='ltr'>bitrio</span> <span class='ocrx_word' id='word_1_227' title='bbox 399 3571 664 3634; x_wconf 87' lang='lat' dir='ltr'>unumquemque</span> <span class='ocrx_word' id='word_1_228' title='bbox 693 3557 822 3633; x_wconf 87' lang='lat' dir='ltr'>poetam</span> <span class='ocrx_word' id='word_1_229' title='bbox 852 3547 976 3612; x_wconf 88' lang='lat' dir='ltr'>variare</span> <span class='ocrx_word' id='word_1_230' title='bbox 1005 3568 1103 3634; x_wconf 88' lang='lat' dir='ltr'>posse</span> <span class='ocrx_word' id='word_1_231' title='bbox 1129 3546 1373 3631; x_wconf 68' lang='lat' dir='ltr'>oeconomiam,</span> 
     </span>
     <span class='ocr_line' id='line_1_31' title="bbox 281 3656 1373 3722; baseline -0.001 -1"><span class='ocrx_word' id='word_1_232' title='bbox 281 3680 347 3721; x_wconf 91' lang='lat' dir='ltr'>non</span> <span class='ocrx_word' id='word_1_233' title='bbox 378 3657 516 3722; x_wconf 89' lang='lat' dir='ltr'>multum</span> <span class='ocrx_word' id='word_1_234' title='bbox 551 3659 709 3722; x_wconf 88' lang='lat' dir='ltr'>interesse</span> <span class='ocrx_word' id='word_1_235' title='bbox 736 3668 844 3721; x_wconf 87' lang='lat' dir='ltr'>utrum</span> <span class='ocrx_word' id='word_1_236' title='bbox 876 3681 938 3721; x_wconf 90' lang='lat' dir='ltr'>una</span> <span class='ocrx_word' id='word_1_237' title='bbox 968 3656 1036 3721; x_wconf 88' lang='lat' dir='ltr'>filia</span> <span class='ocrx_word' id='word_1_238' title='bbox 1067 3657 1228 3722; x_wconf 90' lang='lat' dir='ltr'>tribuatur</span> <span class='ocrx_word' id='word_1_239' title='bbox 1261 3657 1373 3722; x_wconf 87' lang='lat' dir='ltr'>Mone-</span> 
     </span>
     <span class='ocr_line' id='line_1_32' title="bbox 278 3766 1374 3854; baseline 0.001 -26"><span class='ocrx_word' id='word_1_240' title='bbox 278 3766 330 3830; x_wconf 89' lang='lat' dir='ltr'>lao</span> <span class='ocrx_word' id='word_1_241' title='bbox 363 3790 404 3831; x_wconf 90' lang='lat' dir='ltr'>an</span> <span class='ocrx_word' id='word_1_242' title='bbox 441 3766 532 3851; x_wconf 88' lang='lat' dir='ltr'>dnae,</span> <span class='ocrx_word' id='word_1_243' title='bbox 567 3768 594 3832; x_wconf 91' lang='lat' dir='ltr'>si</span> <span class='ocrx_word' id='word_1_244' title='bbox 629 3767 725 3833; x_wconf 89' lang='lat' dir='ltr'>modo</span> <span class='ocrx_word' id='word_1_245' title='bbox 760 3767 896 3832; x_wconf 86' lang='lat' dir='ltr'>dramati</span> <span class='ocrx_word' id='word_1_246' title='bbox 930 3767 990 3830; x_wconf 93' lang='lat' dir='ltr'>hac</span> <span class='ocrx_word' id='word_1_247' title='bbox 1024 3789 1059 3831; x_wconf 91' lang='lat' dir='ltr'>re</span> <span class='ocrx_word' id='word_1_248' title='bbox 1090 3767 1239 3832; x_wconf 86' lang='lat' dir='ltr'>consulat</span> <span class='ocrx_word' id='word_1_249' title='bbox 1267 3776 1374 3854; x_wconf 89' lang='lat' dir='ltr'>poeta.</span> 
     </span>
     <span class='ocr_line' id='line_1_33' title="bbox 280 3879 1374 3968; baseline 0.001 -24"><span class='ocrx_word' id='word_1_250' title='bbox 280 3879 410 3963; x_wconf 85' lang='lat' dir='ltr'>quinam</span> <span class='ocrx_word' id='word_1_251' title='bbox 437 3889 511 3946; x_wconf 89' lang='lat' dir='ltr'>sunt</span> <span class='ocrx_word' id='word_1_252' title='bbox 533 3880 567 3944; x_wconf 91' lang='lat' dir='ltr'>hi</span> <span class='ocrx_word' id='word_1_253' title='bbox 590 3879 809 3945; x_wconf 76' lang='lat' dir='ltr'>scholiastae?</span> <span class='ocrx_word' id='word_1_254' title='bbox 850 3880 1032 3965; x_wconf 88' lang='lat' dir='ltr'>Didymum</span> <span class='ocrx_word' id='word_1_255' title='bbox 1064 3881 1185 3968; x_wconf 90' lang='lat' dir='ltr'>optime</span> <span class='ocrx_word' id='word_1_256' title='bbox 1209 3889 1374 3946; x_wconf 88' lang='lat' dir='ltr'>versatum</span> 
     </span>
     <span class='ocr_line' id='line_1_34' title="bbox 278 3988 1374 4078; baseline -0.004 -22"><span class='ocrx_word' id='word_1_257' title='bbox 278 3992 313 4056; x_wconf 92' lang='lat' dir='ltr'>in</span> <span class='ocrx_word' id='word_1_258' title='bbox 335 4001 405 4056; x_wconf 89' lang='lat' dir='ltr'>arte</span> <span class='ocrx_word' id='word_1_259' title='bbox 427 3989 577 4055; x_wconf 88' lang='lat' dir='ltr'>scaenica</span> <span class='ocrx_word' id='word_1_260' title='bbox 600 3988 803 4054; x_wconf 85' lang='lat' dir='ltr'>aestimanda</span> <span class='ocrx_word' id='word_1_261' title='bbox 832 3989 1064 4076; x_wconf 88' lang='lat' dir='ltr'>unusquisque,</span> <span class='ocrx_word' id='word_1_262' title='bbox 1092 3998 1181 4077; x_wconf 90' lang='lat' dir='ltr'>pute,</span> <span class='ocrx_word' id='word_1_263' title='bbox 1215 3988 1374 4078; x_wconf 89' lang='lat' dir='ltr'>persenti-</span> 
     </span>
     <span class='ocr_line' id='line_1_35' title="bbox 279 4097 1374 4184; baseline -0.004 -19"><span class='ocrx_word' id='word_1_264' title='bbox 279 4110 358 4180; x_wconf 86' lang='lat' dir='ltr'>scet.</span> <span class='ocrx_word' id='word_1_265' title='bbox 383 4109 416 4162; x_wconf 90' lang='lat' dir='ltr'>at</span> <span class='ocrx_word' id='word_1_266' title='bbox 435 4098 506 4182; x_wconf 84' lang='lat' dir='ltr'>quis</span> <span class='ocrx_word' id='word_1_267' title='bbox 517 4098 715 4164; x_wconf 88' lang='lat' dir='ltr'>Homericus</span> <span class='ocrx_word' id='word_1_268' title='bbox 729 4098 814 4163; x_wconf 77' lang='lat' dir='ltr'>ille?</span> <span class='ocrx_word' id='word_1_269' title='bbox 837 4098 891 4164; x_wconf 91' lang='lat' dir='ltr'>hie</span> <span class='ocrx_word' id='word_1_270' title='bbox 912 4107 991 4184; x_wconf 92' lang='lat' dir='ltr'>puto</span> <span class='ocrx_word' id='word_1_271' title='bbox 1013 4120 1082 4163; x_wconf 90' lang='lat' dir='ltr'>rem</span> <span class='ocrx_word' id='word_1_272' title='bbox 1104 4097 1294 4163; x_wconf 87' lang='lat' dir='ltr'>felicissirne</span> <span class='ocrx_word' id='word_1_273' title='bbox 1315 4119 1374 4162; x_wconf 93' lang='lat' dir='ltr'>acu</span> 
     </span>
     <span class='ocr_line' id='line_1_36' title="bbox 278 4207 1374 4293; baseline -0.002 -21"><span class='ocrx_word' id='word_1_274' title='bbox 278 4209 426 4293; x_wconf 89' lang='lat' dir='ltr'>tetigisse</span> <span class='ocrx_word' id='word_1_275' title='bbox 460 4207 650 4274; x_wconf 86' lang='lat' dir='ltr'>Mauricium</span> <span class='ocrx_word' id='word_1_276' title='bbox 674 4207 904 4290; x_wconf 87' lang='lat' dir='ltr'>Schmidtium,</span> <span class='ocrx_word' id='word_1_277' title='bbox 935 4207 1026 4273; x_wconf 91' lang='lat' dir='ltr'>euius</span> <span class='ocrx_word' id='word_1_278' title='bbox 1055 4208 1136 4271; x_wconf 92' lang='lat' dir='ltr'>haec</span> <span class='ocrx_word' id='word_1_279' title='bbox 1170 4217 1246 4271; x_wconf 88' lang='lat' dir='ltr'>sunt</span> <span class='ocrx_word' id='word_1_280' title='bbox 1274 4208 1374 4271; x_wconf 80' lang='lat' dir='ltr'>verba</span> 
     </span>
     <span class='ocr_line' id='line_1_37' title="bbox 278 4315 1372 4402; baseline -0.004 -20"><span class='ocrx_word' id='word_1_281' title='bbox 278 4317 300 4383; x_wconf 92' lang='lat' dir='ltr'>l.</span> <span class='ocrx_word' id='word_1_282' title='bbox 320 4317 340 4384; x_wconf 87' lang='lat' dir='ltr'>l.</span> <span class='ocrx_word' id='word_1_283' title='bbox 364 4340 395 4402; x_wconf 92' lang='lat' dir='ltr'>p.</span> <span class='ocrx_word' id='word_1_284' title='bbox 412 4316 489 4384; x_wconf 77' lang='lat'><strong>265:</strong></span> <span class='ocrx_word' id='word_1_285' title='bbox 524 4317 637 4382; x_wconf 80' lang='lat' dir='ltr'>videor</span> <span class='ocrx_word' id='word_1_286' title='bbox 667 4319 748 4382; x_wconf 76' lang='lat' dir='ltr'>milti</span> <span class='ocrx_word' id='word_1_287' title='bbox 768 4322 802 4381; x_wconf 80' lang='lat' dir='ltr'>t&#39;u</span> <span class='ocrx_word' id='word_1_288' title='bbox 825 4319 873 4382; x_wconf 75' lang='lat' dir='ltr'>leis</span> <span class='ocrx_word' id='word_1_289' title='bbox 898 4317 1174 4383; x_wconf 78' lang='lat' dir='ltr'>observationibus</span> <span class='ocrx_word' id='word_1_290' title='bbox 1196 4315 1372 4402; x_wconf 65' lang='lat' dir='ltr'>Didymaeo</span> 
     </span>
    </p>
   </div>
   <div class='ocr_carea' id='block_1_6' title="bbox 0 0 1504 5176">
    <p class='ocr_par' dir='ltr' id='par_1_6' title="bbox 0 0 1504 5176">
     <span class='ocr_line' id='line_1_38' title="bbox 0 0 1504 5176; baseline 0 1"><span class='ocrx_word' id='word_1_291' title='bbox 0 0 1504 5176; x_wconf 95' lang='lat' dir='ltr'> </span> 
     </span>
    </p>
   </div>
  </div>
 </body>
</html>
