3000 5176
709 308 750 373 24

179 496 253 560 dem
278 519 312 560 re
340 494 749 578 observatainveniuutnr,
771 496 1001 581 huncquoque
1024 499 1094 561 siue
1118 497 1216 562 dubio
1237 499 1277 562 ab

180 604 403 691 Aristophane
434 603 647 688 grammatico
670 604 818 688 oriunda,
848 605 948 669 veluti
980 606 1013 670 in
1038 628 1108 689 arg.
1133 607 1278 672 Acharn.

176 715 193 778 I
219 737 247 798 p.
265 715 290 795 1,
305 714 340 775 41
369 711 419 778 ed.
452 711 564 775 Didot.
588 706 626 775 τδ
647 710 682 776 δὲ
705 713 812 796 δρᾶμα
840 716 906 776 τῶν
928 701 963 778 εί
984 710 1113 802 σφόδρα
1136 739 1278 800 πεποιη-

175 821 293 904 μένων,
327 821 360 885 iu
394 844 464 905 arg.
487 820 641 905 Equitt.l
667 845 700 909 p.
714 823 765 902 3⁴2,
787 822 828 886 36
856 818 894 887 τά
924 823 959 887 δὲ
987 824 1093 908 δρᾶμα
1115 827 1180 887 τῶν
1199 813 1278 908 άγαν

181 932 288 1009 καλῶς
319 929 561 1015 πεποιημένων,
596 931 628 993 in
663 953 732 1015 arg.
768 932 876 998 Nuhb.
895 932 943 996 111
979 956 1009 1019 p.
1028 934 1077 1016 ii,
1103 935 1141 996 18
1173 929 1212 996 τά
1243 931 1279 998 δὲ

177 1043 284 1126 δρᾶμα
301 1044 367 1105 τῶν
379 1035 466 1105 πάνυ
479 1041 624 1117 δννατῶς
642 1040 884 1126 πεποιημένων,
897 1065 976 1126 quac
991 1042 1023 1106 iu
1038 1043 1145 1129 amplo
1164 1065 1279 1107 recen·

178 1149 270 1215 tioris
291 1148 490 1235 grammatici
520 1168 589 1230 arg.
603 1149 635 1213 X
659 1173 690 1236 p.
708 1149 790 1230 79,2
808 1159 1009 1235 repetuntur,
1034 1151 1064 1213 in
1078 1172 1147 1233 arg.
1161 1152 1278 1217 Avv.I

177 1283 208 1347 p.
227 1260 299 1340 209,
324 1261 340 1321 7
364 1255 402 1337 τδ
426 1259 533 1341 δρᾶμα
554 1261 653 1322 τοῦτο
682 1261 748 1322 τῶν
769 1249 847 1344 δίγαν
869 1260 1015 1337 δυνατῶς
1036 1258 1276 1345 πεποιημένων,

176 1371 209 1434 iu
240 1392 310 1454 arg.
335 1368 467 1433 Reum]
491 1367 608 1456 phut,
631 1369 672 1432 39
702 1363 739 1432 τδ
772 1367 807 1433 δὲ
837 1370 943 1452 δρᾶμα
973 1372 1039 1432 τῶν
1060 1356 1096 1433 εὖ
1117 1365 1202 1434 πάνυ
1224 1369 1278 1435 καί

176 1473 361 1566 φιλολόγως
382 1477 624 1563 πεποιημένων.

277 1589 388 1672 Atque
409 1587 464 1651 hic
488 1589 580 1651 loeus
606 1586 829 1651 videturesse
853 1588 1030 1652 exhibendi
1056 1599 1168 1652 notum
1193 1588 1274 1653 illud

180 1697 349 1783 Ocypodis
374 1695 528 1760 Lucisnei
561 1705 803 1779 argumentum,
833 1696 919 1780 quod
942 1696 982 1759 ad
1009 1697 1279 1763 celebratissimos

179 1805 412 1893 Aristophanis
432 1805 632 1893 hypotheses
663 1827 722 1893 per
743 1804 850 1869 iocum
883 1828 954 1871 esse
977 1808 1188 1872 assimilatum
1213 1831 1278 1873 non

181 1939 264 1978 vana
289 1925 338 1979 est
358 1914 602 1983 Schneidewini
627 1915 825 1980 coniectura.

278 2025 308 2087 A
350 2014 508 2101 Ὼκάπους
530 2023 749 2107 Ποδαλειρίου
778 2024 830 2090 καί
864 2015 1036 2104 ’κίστασίας
1059 2021 1129 2104 υίὸς
1151 2025 1275 2112 ἐγένετο

179 2130 287 2199 κάλλει
309 2134 363 2198 καί
384 2128 517 2216 δυνάμει
540 2131 713 2220 διαφέρων,
743 2133 927 2219 γυμνασίων
948 2159 983 2200 τε
1006 2135 1059 2200 καὶ
1081 2135 1276 2222 κυνηγεσίων

179 2240 223 2330 μὴ
246 2235 386 2327 άμελῶν,
409 2238 567 2320 πολλάκις
598 2243 634 2308 δὲ
661 2247 800 2328 θεωρῶν
826 2243 902 2322 τοδς
932 2244 1104 2328 ἐχομένους
1135 2242 1277 2333 ὑπὸτῆς

182 2349 335 2438 άτὲγκτου
360 2348 533 2438 Ποδάγρας
555 2352 707 2438 κατεγέλα
729 2348 873 2440 φάσκων,
903 2353 1003 2439 μηδὲν
1029 2349 1114 2433 ὅλως
1136 2348 1218 2421 εἶναι
1240 2351 1279 2419 τδ

181 2461 305 2542 πάθος.
350 2461 368 2550 ἡ
395 2459 477 2541 usta·
498 2462 607 2529 τιιίνυν
629 2454 798 2548 ιίγανακτεῐ
819 2462 871 2527 καί
893 2460 947 2529 διά
968 2465 1082 2529 ποδῶν
1112 2462 1278 2549 εἰστρέχει.

179 2577 238 2639 τοῦ
254 2574 281 2638 δ’
299 2566 439 2649 είτάνως
453 2571 611 2659 φέροντος
632 2570 684 2635 καὶ
697 2562 895 2654 άρνουμένοο
918 2569 1036 2638 ίπτιον
1051 2568 1135 2651 ὅλως
1147 2573 1280 2660 τίθησιν

180 2675 311 2768 ἡδεάς.

283 2787 310 2853 C
352 2784 371 2873 ἡ
394 2787 454 2871 μὲν
488 2783 587 2874 σκηνη
608 2790 667 2852 τοῦ
697 2783 860 2871 δράματος
891 2784 1061 2855 ὑπόκειται
1082 2790 1115 2855 ἐν
1139 2786 1276 2876 Θήβαις

181 2894 198 2962 δ
233 2899 268 2964 δὲ
298 2896 395 2982 χορδς
422 2895 613 2981 συνέστηκεν
645 2895 681 2978 ἐξ
712 2895 897 2980 ἐπιχωρίων
929 2899 1104 2984 ποδαγρῶν
1131 2900 1279 2984 σννελεγ-

179 3002 303 3089 χάντων
325 3003 382 3071 τὸν
410 3001 570 3072 'statana-v
585 3011 620 3071 ³⁷.

284 3116 313 3180 F
352 3112 390 3180 τδ
412 3116 448 3182 δὲ
471 3118 578 3201 δρᾶμα
600 3119 667 3180 τῶν
689 3111 775 3182 πάνυ
800 3106 948 3182 άστείων.

283 3225 311 3290 O
359 3222 400 3289 τά
431 3229 489 3290 τοῦ
525 3220 689 3309 δράματος
719 3221 895 3309 πρόστυπα.
931 3221 1087 3312 Ποδάγρα
1120 3219 1279 3308 Ὠκάπονς

186 3330 333 3422 Τροιρείς
354 3326 474 3418 Ἰατράς
495 3329 606 3413 Πόνος
626 3325 768 3419 άγγελος.
805 3335 991 3420 προλογίζει
1015 3335 1050 3401 δὲ
1073 3332 1091 3422 ἡ
1114 3332 1278 3423 Ποδάγρα.

281 3444 373 3524 Quae
398 3443 474 3507 licet
498 3466 563 3507 non
587 3466 699 3509 omnes
722 3454 988 3528 argumentorum
1018 3446 1278 3532 Aristophaneo-

181 3576 251 3616 rum
274 3563 384 3639 partes
401 3553 668 3637 complectantur,
689 3575 764 3615 nam
780 3551 897 3616 desunt
911 3552 1109 3619 didascalica
1132 3555 1274 3641 capitula

183 3662 313 3742 notati0,
333 3684 411 3725 num
444 3661 527 3724 alter
550 3671 647 3746 poeta
668 3660 806 3726 eandem
835 3661 978 3726 fabulam
1000 3664 1194 3746 tractaverit,
1217 3688 1278 3730 nu-

182 3791 292 3834 merus
317 3769 460 3854 denique
477 3769 642 3848 dramatis,
665 3791 724 3834 eae
737 3770 837 3853 igitur
851 3781 969 3858 partes,
992 3771 1109 3856 quihus
1130 3772 1184 3836 vix
1211 3774 1278 3838 ulla

183 3878 376 3965 hypothesis
397 3879 548 3953 caruerit,
573 3884 773 3967 opportune
790 3890 895 3944 tamen
929 3890 1101 3963 testantur,
1123 3882 1164 3945 de
1186 3904 1278 3970 prae·

183 3987 301 4050 stantia
336 3987 516 4052 carminum
549 3988 671 4051 dixisse
704 3988 737 4050 in
777 3989 979 4072 argumentis
1012 3989 1278 4078 Aristophanem.

248 4101 314 4193 &37
334 4102 440 4191 Notata
467 4137 590 4207 dignum,
615 4138 701 4191 etiam
717 4138 746 4190 in
765 4138 816 4192 hac
832 4139 978 4208 hypothesi
997 4140 1092 4193 addita
1122 4158 1191 4209 esse,
1213 4141 1280 4211 quid

185 4240 304 4304 agerent
322 4234 400 4288 chori
419 4252 564 4303 personae,
587 4236 662 4303 quod
680 4253 764 4304 supra
781 4235 914 4290 contendi
936 4235 965 4288 in
984 4237 1112 4291 omnibus
1131 4254 1278 4307 argumen-

182 4331 218 4385 tis
240 4330 434 4400 Aristophanis
452 4330 640 4400 significatum
657 4331 751 4386 fuisse.
