<?xml version="1.0" encoding="UTF-8"?>
<!DOCTYPE html PUBLIC "-//W3C//DTD XHTML 1.0 Transitional//EN"
    "http://www.w3.org/TR/xhtml1/DTD/xhtml1-transitional.dtd">
<html xmlns="http://www.w3.org/1999/xhtml" xml:lang="en" lang="en">
 <head>
  <title>
</title>
<meta http-equiv="Content-Type" content="text/html;charset=utf-8" />
  <meta name='ocr-system' content='tesseract 3.04.00' />
  <meta name='ocr-capabilities' content='ocr_page ocr_carea ocr_par ocr_line ocrx_word'/>
</head>
<body>
  <div class='ocr_page' id='page_1' title='image "./grammaticorvmgr00trengoog_0141.png"; bbox 0 0 3000 5176; ppageno 0'>
   <div class='ocr_carea' id='block_1_1' title="bbox 738 318 798 382">
    <p class='ocr_par' dir='ltr' id='par_1_1' title="bbox 738 318 798 382">
     <span class='ocr_line' id='line_1_1' title="bbox 738 318 798 382; baseline -0.017 0"><span class='ocrx_word' id='word_1_1' title='bbox 738 318 798 382; x_wconf 77' lang='lat'><strong><em>124</em></strong></span> 
     </span>
    </p>
   </div>
   <div class='ocr_carea' id='block_1_2' title="bbox 180 494 1334 2559">
    <p class='ocr_par' dir='ltr' id='par_1_2' title="bbox 180 494 1334 2559">
     <span class='ocr_line' id='line_1_2' title="bbox 221 494 1323 593; baseline 0.001 -25"><span class='ocrx_word' id='word_1_2' title='bbox 221 494 224 499; x_wconf 40' lang='lat'>¹</span> <span class='ocrx_word' id='word_1_3' title='bbox 311 503 395 569; x_wconf 80' lang='lat' dir='ltr'>Hoc.</span> <span class='ocrx_word' id='word_1_4' title='bbox 411 504 451 569; x_wconf 80' lang='lat'><strong><em>78</em></strong></span> <span class='ocrx_word' id='word_1_5' title='bbox 472 541 513 551; x_wconf 89' lang='lat'>-</span> <span class='ocrx_word' id='word_1_6' title='bbox 535 505 585 569; x_wconf 79' lang='grc' dir='ltr'><strong><em>ναὶ</em></strong></span> <span class='ocrx_word' id='word_1_7' title='bbox 607 504 742 590; x_wconf 84' lang='grc' dir='ltr'><strong><em>γίγνεται</em></strong></span> <span class='ocrx_word' id='word_1_8' title='bbox 766 506 907 571; x_wconf 83' lang='grc' dir='ltr'><strong><em>διπλοῦν</em></strong></span> <span class='ocrx_word' id='word_1_9' title='bbox 926 504 963 570; x_wconf 84' lang='grc' dir='ltr'><strong><em>ιδ</em></strong></span> <span class='ocrx_word' id='word_1_10' title='bbox 984 503 1099 584; x_wconf 89' lang='grc' dir='ltr'><strong><em>πάθος</em></strong></span> <span class='ocrx_word' id='word_1_11' title='bbox 1118 509 1177 592; x_wconf 70' lang='grc' dir='ltr'><strong><em>τῆς</em></strong></span> <span class='ocrx_word' id='word_1_12' title='bbox 1197 529 1323 593; x_wconf 79' lang='grc' dir='ltr'><strong><em>τραγῳ-</em></strong></span> 
     </span>
     <span class='ocr_line' id='line_1_3' title="bbox 223 608 1324 703; baseline 0.005 -25"><span class='ocrx_word' id='word_1_13' title='bbox 223 612 304 692; x_wconf 90' lang='grc' dir='ltr'><strong><em>διάς,</em></strong></span> <span class='ocrx_word' id='word_1_14' title='bbox 334 618 381 701; x_wconf 78' lang='grc' dir='ltr'><strong><em>πη</em></strong></span> <span class='ocrx_word' id='word_1_15' title='bbox 411 615 470 698; x_wconf 75' lang='grc' dir='ltr'><strong><em>μὲν</em></strong></span> <span class='ocrx_word' id='word_1_16' title='bbox 493 615 679 701; x_wconf 76' lang='grc' dir='ltr'><strong><em>Πολυξένην</em></strong></span> <span class='ocrx_word' id='word_1_17' title='bbox 714 608 912 702; x_wconf 76' lang='grc' dir='ltr'><strong><em>ὀδυρομένης</em></strong></span> <span class='ocrx_word' id='word_1_18' title='bbox 941 619 1002 702; x_wconf 75' lang='grc' dir='ltr'><strong><em>τῆς</em></strong></span> <span class='ocrx_word' id='word_1_19' title='bbox 1021 611 1167 703; x_wconf 77' lang='grc' dir='ltr'><strong><em>Ἑκάβης,</em></strong></span> <span class='ocrx_word' id='word_1_20' title='bbox 1198 620 1249 702; x_wconf 78' lang='grc' dir='ltr'><strong><em>πῆ</em></strong></span> <span class='ocrx_word' id='word_1_21' title='bbox 1287 617 1324 683; x_wconf 79' lang='grc' dir='ltr'><strong><em>δὲ</em></strong></span> 
     </span>
     <span class='ocr_line' id='line_1_4' title="bbox 224 718 435 804; baseline 0.014 -19"><span class='ocrx_word' id='word_1_22' title='bbox 224 718 435 804; x_wconf 72' lang='grc' dir='ltr'><strong><em>Πολύδωρον.</em></strong></span> 
     </span>
     <span class='ocr_line' id='line_1_5' title="bbox 310 827 1334 916; baseline 0.003 -21"><span class='ocrx_word' id='word_1_23' title='bbox 310 831 362 895; x_wconf 78' lang='grc' dir='ltr'><strong><em>Αἰ.</em></strong></span> <span class='ocrx_word' id='word_1_24' title='bbox 390 831 471 896; x_wconf 80' lang='grc'><strong>1409</strong></span> <span class='ocrx_word' id='word_1_25' title='bbox 490 829 622 916; x_wconf 83' lang='grc' dir='ltr'><strong><em>τραγικά</em></strong></span> <span class='ocrx_word' id='word_1_26' title='bbox 640 832 695 896; x_wconf 82' lang='grc' dir='ltr'><strong><em>καὶ</em></strong></span> <span class='ocrx_word' id='word_1_27' title='bbox 718 836 821 896; x_wconf 87' lang='grc' dir='ltr'><strong><em>ταῦτα</em></strong></span> <span class='ocrx_word' id='word_1_28' title='bbox 842 832 895 898; x_wconf 85' lang='grc' dir='ltr'><strong><em>καὶ</em></strong></span> <span class='ocrx_word' id='word_1_29' title='bbox 916 827 1051 911; x_wconf 87' lang='grc' dir='ltr'><strong><em>πάθους</em></strong></span> <span class='ocrx_word' id='word_1_30' title='bbox 1073 829 1219 916; x_wconf 80' lang='grc' dir='ltr'><strong><em>ἐχόμενα.</em></strong></span> <span class='ocrx_word' id='word_1_31' title='bbox 1330 899 1334 904; x_wconf 80' lang='grc'><strong><em>,</em></strong></span> 
     </span>
     <span class='ocr_line' id='line_1_6' title="bbox 194 936 1322 1030; baseline 0.002 -25"><span class='ocrx_word' id='word_1_32' title='bbox 194 955 211 1005; x_wconf 82' lang='grc'><em>5</em></span> <span class='ocrx_word' id='word_1_33' title='bbox 308 941 350 1006; x_wconf 87' lang='lat' dir='ltr'><strong><em>ib.</em></strong></span> <span class='ocrx_word' id='word_1_34' title='bbox 372 941 434 1006; x_wconf 74' lang='lat'><strong><em>809</em></strong></span> <span class='ocrx_word' id='word_1_35' title='bbox 456 936 545 1024; x_wconf 74' lang='grc' dir='ltr'><strong><em>οἶμοι</em></strong></span> <span class='ocrx_word' id='word_1_36' title='bbox 578 943 611 1006; x_wconf 88' lang='grc' dir='ltr'><strong><em>τί</em></strong></span> <span class='ocrx_word' id='word_1_37' title='bbox 644 936 772 1023; x_wconf 78' lang='grc' dir='ltr'><strong><em>δράσιοε</em></strong></span> <span class='ocrx_word' id='word_1_38' title='bbox 803 946 1005 1023; x_wconf 86' lang='grc' dir='ltr'><strong><em>περιπαθῶς</em></strong></span> <span class='ocrx_word' id='word_1_39' title='bbox 1036 937 1237 1030; x_wconf 73' lang='grc' dir='ltr'><strong><em>ἐφάψασθαι</em></strong></span> <span class='ocrx_word' id='word_1_40' title='bbox 1261 946 1322 1029; x_wconf 78' lang='grc' dir='ltr'><strong><em>τῆς</em></strong></span> 
     </span>
     <span class='ocr_line' id='line_1_7' title="bbox 226 1047 1319 1139; baseline 0.002 -25"><span class='ocrx_word' id='word_1_41' title='bbox 226 1047 386 1137; x_wconf 81' lang='grc' dir='ltr'><strong><em>ζητήσεως</em></strong></span> <span class='ocrx_word' id='word_1_42' title='bbox 415 1051 467 1116; x_wconf 84' lang='grc' dir='ltr'><strong><em>καὶ</em></strong></span> <span class='ocrx_word' id='word_1_43' title='bbox 497 1054 543 1136; x_wconf 78' lang='grc' dir='ltr'><strong><em>τῷ</em></strong></span> <span class='ocrx_word' id='word_1_44' title='bbox 569 1051 671 1137; x_wconf 81' lang='grc' dir='ltr'><strong><em>τίκνην</em></strong></span> <span class='ocrx_word' id='word_1_45' title='bbox 693 1047 827 1134; x_wconf 81' lang='grc' dir='ltr'><strong><em>κελεύει,</em></strong></span> <span class='ocrx_word' id='word_1_46' title='bbox 848 1051 901 1116; x_wconf 88' lang='grc' dir='ltr'><strong><em>καί</em></strong></span> <span class='ocrx_word' id='word_1_47' title='bbox 925 1047 1038 1134; x_wconf 84' lang='grc' dir='ltr'><strong><em>ῶσπερ</em></strong></span> <span class='ocrx_word' id='word_1_48' title='bbox 1060 1051 1319 1139; x_wconf 81' lang='grc' dir='ltr'><strong><em>ἀπολογουμένη,</em></strong></span> 
     </span>
     <span class='ocr_line' id='line_1_8' title="bbox 225 1152 662 1244; baseline 0.007 -23"><span class='ocrx_word' id='word_1_49' title='bbox 225 1156 276 1224; x_wconf 81' lang='grc' dir='ltr'><strong><em>ίίτι</em></strong></span> <span class='ocrx_word' id='word_1_50' title='bbox 298 1155 532 1244; x_wconf 75' lang='grc' dir='ltr'><strong><em>καταλιμπάνει</em></strong></span> <span class='ocrx_word' id='word_1_51' title='bbox 553 1152 662 1226; x_wconf 79' lang='grc' dir='ltr'><strong><em>σίτάν.</em></strong></span> 
     </span>
     <span class='ocr_line' id='line_1_9' title="bbox 308 1263 1321 1359; baseline 0.001 -26"><span class='ocrx_word' id='word_1_52' title='bbox 308 1269 350 1333; x_wconf 87' lang='lat' dir='ltr'><strong><em>ib.</em></strong></span> <span class='ocrx_word' id='word_1_53' title='bbox 371 1271 435 1333; x_wconf 79' lang='lat'><strong><em>570</em></strong></span> <span class='ocrx_word' id='word_1_54' title='bbox 463 1263 548 1334; x_wconf 86' lang='grc' dir='ltr'><strong><em>πάνυ</em></strong></span> <span class='ocrx_word' id='word_1_55' title='bbox 582 1273 786 1352; x_wconf 75' lang='grc' dir='ltr'><strong><em>περιπαθῶς</em></strong></span> <span class='ocrx_word' id='word_1_56' title='bbox 804 1269 842 1335; x_wconf 85' lang='grc' dir='ltr'><strong><em>τδ</em></strong></span> <span class='ocrx_word' id='word_1_57' title='bbox 865 1269 921 1335; x_wconf 83' lang='grc' dir='ltr'><strong><em>ἐπὶ</em></strong></span> <span class='ocrx_word' id='word_1_58' title='bbox 947 1273 1079 1355; x_wconf 79' lang='grc' dir='ltr'><strong><em>γονεῦσι</em></strong></span> <span class='ocrx_word' id='word_1_59' title='bbox 1110 1272 1164 1336; x_wconf 85' lang='grc' dir='ltr'><strong><em>καὶ</em></strong></span> <span class='ocrx_word' id='word_1_60' title='bbox 1198 1271 1321 1359; x_wconf 78' lang='grc' dir='ltr'><strong><em>παιδίῳ</em></strong></span> 
     </span>
     <span class='ocr_line' id='line_1_10' title="bbox 225 1368 1321 1464; baseline 0.001 -21"><span class='ocrx_word' id='word_1_61' title='bbox 225 1373 387 1464; x_wconf 89' lang='grc' dir='ltr'><strong><em>διαθήκας</em></strong></span> <span class='ocrx_word' id='word_1_62' title='bbox 408 1381 553 1464; x_wconf 77' lang='grc' dir='ltr'><strong><em>ποιήσαι.</em></strong></span> <span class='ocrx_word' id='word_1_63' title='bbox 1317 1368 1321 1373; x_wconf 49' lang='grc'><strong>’</strong></span> 
     </span>
     <span class='ocr_line' id='line_1_11' title="bbox 180 1483 1324 1578; baseline 0.006 -30"><span class='ocrx_word' id='word_1_64' title='bbox 180 1499 213 1549; x_wconf 84' lang='grc'><strong><em>10</em></strong></span> <span class='ocrx_word' id='word_1_65' title='bbox 306 1488 350 1552; x_wconf 87' lang='lat' dir='ltr'><strong><em>ib.</em></strong></span> <span class='ocrx_word' id='word_1_66' title='bbox 372 1489 434 1554; x_wconf 80' lang='lat'><strong><em>849</em></strong></span> <span class='ocrx_word' id='word_1_67' title='bbox 464 1489 502 1578; x_wconf 72' lang='grc' dir='ltr'><strong><em>τῇ</em></strong></span> <span class='ocrx_word' id='word_1_68' title='bbox 533 1513 568 1553; x_wconf 88' lang='grc' dir='ltr'><strong><em>τε</em></strong></span> <span class='ocrx_word' id='word_1_69' title='bbox 591 1483 737 1575; x_wconf 82' lang='grc' dir='ltr'><strong><em>δυστήνῳ</em></strong></span> <span class='ocrx_word' id='word_1_70' title='bbox 765 1493 898 1576; x_wconf 70' lang='grc' dir='ltr'><strong><em>τροηῴε</em></strong></span> <span class='ocrx_word' id='word_1_71' title='bbox 931 1490 985 1553; x_wconf 89' lang='grc' dir='ltr'><strong><em>καὶ</em></strong></span> <span class='ocrx_word' id='word_1_72' title='bbox 1018 1492 1119 1553; x_wconf 72' lang='grc' dir='ltr'><strong><em>ταύτα</em></strong></span> <span class='ocrx_word' id='word_1_73' title='bbox 1146 1495 1324 1578; x_wconf 76' lang='grc' dir='ltr'><strong><em>περιπαθῆ</em></strong></span> 
     </span>
     <span class='ocr_line' id='line_1_12' title="bbox 224 1590 1325 1686; baseline 0.001 -22"><span class='ocrx_word' id='word_1_74' title='bbox 224 1599 277 1664; x_wconf 83' lang='grc' dir='ltr'><strong><em>καί</em></strong></span> <span class='ocrx_word' id='word_1_75' title='bbox 291 1590 501 1683; x_wconf 86' lang='grc' dir='ltr'><strong><em>άνθρῶπινα·</em></strong></span> <span class='ocrx_word' id='word_1_76' title='bbox 523 1594 583 1681; x_wconf 80' lang='grc' dir='ltr'><strong><em>ίίρα</em></strong></span> <span class='ocrx_word' id='word_1_77' title='bbox 601 1594 659 1683; x_wconf 87' lang='grc' dir='ltr'><strong><em>γάρ</em></strong></span> <span class='ocrx_word' id='word_1_78' title='bbox 683 1594 732 1662; x_wconf 78' lang='grc' dir='ltr'><strong><em>δ’τι</em></strong></span> <span class='ocrx_word' id='word_1_79' title='bbox 754 1599 808 1663; x_wconf 87' lang='grc' dir='ltr'><strong><em>καὶ</em></strong></span> <span class='ocrx_word' id='word_1_80' title='bbox 830 1594 1023 1685; x_wconf 75' lang='grc' dir='ltr'><strong><em>δἩρακλῆς</em></strong></span> <span class='ocrx_word' id='word_1_81' title='bbox 1036 1599 1210 1686; x_wconf 79' lang='lat' dir='ltr'><strong>(Trachin.</strong></span> <span class='ocrx_word' id='word_1_82' title='bbox 1222 1601 1325 1686; x_wconf 82' lang='lat'>1148&gt;</span> 
     </span>
     <span class='ocr_line' id='line_1_13' title="bbox 225 1702 1322 1793; baseline 0.002 -20"><span class='ocrx_word' id='word_1_83' title='bbox 225 1707 282 1773; x_wconf 84' lang='grc' dir='ltr'><strong><em>ἐπὶ</em></strong></span> <span class='ocrx_word' id='word_1_84' title='bbox 301 1711 364 1773; x_wconf 85' lang='grc' dir='ltr'><strong><em>τοῦ</em></strong></span> <span class='ocrx_word' id='word_1_85' title='bbox 386 1702 531 1773; x_wconf 85' lang='grc' dir='ltr'><strong><em>θανάτου</em></strong></span> <span class='ocrx_word' id='word_1_86' title='bbox 553 1707 613 1792; x_wconf 88' lang='grc' dir='ltr'><strong><em>τήν</em></strong></span> <span class='ocrx_word' id='word_1_87' title='bbox 634 1706 757 1793; x_wconf 77' lang='grc' dir='ltr'><strong><em>μητέρα</em></strong></span> <span class='ocrx_word' id='word_1_88' title='bbox 776 1707 1035 1790; x_wconf 79' lang='grc' dir='ltr'><strong><em>μεταπέμπεται,</em></strong></span> <span class='ocrx_word' id='word_1_89' title='bbox 1058 1703 1147 1773; x_wconf 82' lang='grc' dir='ltr'><strong><em>ὅπου</em></strong></span> <span class='ocrx_word' id='word_1_90' title='bbox 1166 1709 1220 1774; x_wconf 85' lang='grc' dir='ltr'><strong><em>καὶ</em></strong></span> <span class='ocrx_word' id='word_1_91' title='bbox 1236 1703 1322 1775; x_wconf 87' lang='grc' dir='ltr'><strong><em>πάνυ</em></strong></span> 
     </span>
     <span class='ocr_line' id='line_1_14' title="bbox 225 1809 1325 1904; baseline 0.002 -22"><span class='ocrx_word' id='word_1_92' title='bbox 225 1816 364 1903; x_wconf 80' lang='grc' dir='ltr'><strong><em>οἰκτρῶς</em></strong></span> <span class='ocrx_word' id='word_1_93' title='bbox 395 1809 493 1904; x_wconf 81' lang='grc' dir='ltr'><strong><em>αίτήν</em></strong></span> <span class='ocrx_word' id='word_1_94' title='bbox 524 1809 677 1883; x_wconf 85' lang='grc' dir='ltr'><strong><em>άνακαλεῖ</em></strong></span> <span class='ocrx_word' id='word_1_95' title='bbox 696 1813 799 1884; x_wconf 63' lang='grc' dir='ltr'><strong><em>(κάλει</em></strong></span> <span class='ocrx_word' id='word_1_96' title='bbox 822 1817 858 1884; x_wconf 82' lang='grc' dir='ltr'><strong><em>δέ</em></strong></span> <span class='ocrx_word' id='word_1_97' title='bbox 877 1813 936 1903; x_wconf 83' lang='grc' dir='ltr'><strong><em>τήν</em></strong></span> <span class='ocrx_word' id='word_1_98' title='bbox 956 1812 1130 1901; x_wconf 68' lang='grc' dir='ltr'><strong><em>τάλαινανί,</em></strong></span> <span class='ocrx_word' id='word_1_99' title='bbox 1162 1814 1207 1897; x_wconf 90' lang='grc' dir='ltr'><strong><em>ῶς</em></strong></span> <span class='ocrx_word' id='word_1_100' title='bbox 1235 1810 1325 1884; x_wconf 88' lang='grc' dir='ltr'><strong><em>άντι-</em></strong></span> 
     </span>
     <span class='ocr_line' id='line_1_15' title="bbox 225 1917 1324 2012; baseline 0.001 -22"><span class='ocrx_word' id='word_1_101' title='bbox 225 1919 468 2009; x_wconf 76' lang='grc' dir='ltr'><strong><em>λαμβανάμενος</em></strong></span> <span class='ocrx_word' id='word_1_102' title='bbox 492 1923 528 1990; x_wconf 87' lang='grc' dir='ltr'><strong><em>δέ</em></strong></span> <span class='ocrx_word' id='word_1_103' title='bbox 548 1922 665 1990; x_wconf 69' lang='grc' dir='ltr'><strong><em>ἑαυτοῦ</em></strong></span> <span class='ocrx_word' id='word_1_104' title='bbox 685 1921 799 2010; x_wconf 86' lang='grc' dir='ltr'><strong><em>ἐπάγει</em></strong></span> <span class='ocrx_word' id='word_1_105' title='bbox 819 1925 894 2012; x_wconf 86' lang='grc' dir='ltr'><strong><em>&lt;Αἰ.</em></strong></span> <span class='ocrx_word' id='word_1_106' title='bbox 907 1923 990 2011; x_wconf 76' lang='lat'>852&gt;</span> <span class='ocrx_word' id='word_1_107' title='bbox 1006 1917 1087 1990; x_wconf 62' lang='grc' dir='ltr'><strong><em>(ἄλλ’</em></strong></span> <span class='ocrx_word' id='word_1_108' title='bbox 1109 1919 1206 1992; x_wconf 82' lang='grc' dir='ltr'><strong><em>ούδέν</em></strong></span> <span class='ocrx_word' id='word_1_109' title='bbox 1229 1923 1324 2012; x_wconf 73' lang='grc' dir='ltr'><strong><em>ἔργον</em></strong></span> 
     </span>
     <span class='ocr_line' id='line_1_16' title="bbox 181 2029 694 2120; baseline 0.006 -24"><span class='ocrx_word' id='word_1_110' title='bbox 181 2046 212 2097; x_wconf 80' lang='lat'><strong><em>15</em></strong></span> <span class='ocrx_word' id='word_1_111' title='bbox 225 2038 326 2099; x_wconf 82' lang='grc' dir='ltr'><strong><em>ταῦτα</em></strong></span> <span class='ocrx_word' id='word_1_112' title='bbox 347 2038 547 2120; x_wconf 83' lang='grc' dir='ltr'><strong><em>θρηνεῖσθαι</em></strong></span> <span class='ocrx_word' id='word_1_113' title='bbox 573 2029 694 2120; x_wconf 56' lang='grc' dir='ltr'><strong><em>μάτην).</em></strong></span> 
     </span>
     <span class='ocr_line' id='line_1_17' title="bbox 309 2138 1324 2228; baseline 0.004 -22"><span class='ocrx_word' id='word_1_114' title='bbox 309 2143 351 2208; x_wconf 87' lang='lat' dir='ltr'><strong><em>ib.</em></strong></span> <span class='ocrx_word' id='word_1_115' title='bbox 373 2143 436 2207; x_wconf 81' lang='lat'><strong><em>434</em></strong></span> <span class='ocrx_word' id='word_1_116' title='bbox 466 2144 668 2225; x_wconf 80' lang='grc' dir='ltr'><strong><em>περιπαθῶς</em></strong></span> <span class='ocrx_word' id='word_1_117' title='bbox 688 2138 730 2208; x_wconf 81' lang='grc' dir='ltr'><strong><em>τά</em></strong></span> <span class='ocrx_word' id='word_1_118' title='bbox 754 2146 813 2207; x_wconf 80' lang='grc' dir='ltr'><strong><em>τού</em></strong></span> <span class='ocrx_word' id='word_1_119' title='bbox 837 2138 966 2227; x_wconf 73' lang='grc' dir='ltr'><strong><em>πατρὸς</em></strong></span> <span class='ocrx_word' id='word_1_120' title='bbox 989 2138 1235 2228; x_wconf 80' lang='grc' dir='ltr'><strong><em>κατορθώματα</em></strong></span> <span class='ocrx_word' id='word_1_121' title='bbox 1257 2170 1324 2210; x_wconf 90' lang='grc' dir='ltr'><strong><em>πα-</em></strong></span> 
     </span>
     <span class='ocr_line' id='line_1_18' title="bbox 226 2245 1326 2342; baseline 0.003 -24"><span class='ocrx_word' id='word_1_122' title='bbox 226 2247 438 2337; x_wconf 78' lang='grc' dir='ltr'><strong><em>ραλαμβάνει·</em></strong></span> <span class='ocrx_word' id='word_1_123' title='bbox 464 2251 525 2316; x_wconf 77' lang='grc' dir='ltr'><strong><em>οὐκ</em></strong></span> <span class='ocrx_word' id='word_1_124' title='bbox 549 2247 710 2318; x_wconf 86' lang='grc' dir='ltr'><strong><em>ἐλάσσονα</em></strong></span> <span class='ocrx_word' id='word_1_125' title='bbox 732 2248 790 2338; x_wconf 83' lang='grc' dir='ltr'><strong><em>γάρ</em></strong></span> <span class='ocrx_word' id='word_1_126' title='bbox 812 2256 875 2317; x_wconf 84' lang='grc' dir='ltr'><strong><em>τοῦ</em></strong></span> <span class='ocrx_word' id='word_1_127' title='bbox 897 2249 1023 2338; x_wconf 78' lang='grc' dir='ltr'><strong><em>πατρὸς</em></strong></span> <span class='ocrx_word' id='word_1_128' title='bbox 1044 2250 1186 2342; x_wconf 85' lang='grc' dir='ltr'><strong><em>ποιήσας</em></strong></span> <span class='ocrx_word' id='word_1_129' title='bbox 1209 2245 1326 2339; x_wconf 85' lang='grc' dir='ltr'><strong><em>άτιμος</em></strong></span> 
     </span>
     <span class='ocr_line' id='line_1_19' title="bbox 226 2357 409 2445; baseline -0.011 -16"><span class='ocrx_word' id='word_1_130' title='bbox 226 2357 409 2445; x_wconf 83' lang='grc' dir='ltr'><strong><em>ἐλαύνομαι.</em></strong></span> 
     </span>
     <span class='ocr_line' id='line_1_20' title="bbox 309 2464 1325 2559; baseline 0.003 -23"><span class='ocrx_word' id='word_1_131' title='bbox 309 2471 351 2537; x_wconf 90' lang='lat' dir='ltr'><strong><em>ib.</em></strong></span> <span class='ocrx_word' id='word_1_132' title='bbox 374 2470 436 2534; x_wconf 79' lang='lat'><strong><em>312</em></strong></span> <span class='ocrx_word' id='word_1_133' title='bbox 458 2464 517 2535; x_wconf 80' lang='grc' dir='ltr'><strong><em>οδκ</em></strong></span> <span class='ocrx_word' id='word_1_134' title='bbox 538 2466 622 2551; x_wconf 71' lang='grc' dir='ltr'><strong><em>ἔχων</em></strong></span> <span class='ocrx_word' id='word_1_135' title='bbox 650 2467 809 2556; x_wconf 76' lang='grc' dir='ltr'><strong><em>ἐπιβολήν</em></strong></span> <span class='ocrx_word' id='word_1_136' title='bbox 835 2473 893 2559; x_wconf 74' lang='grc' dir='ltr'><strong><em>τῆς</em></strong></span> <span class='ocrx_word' id='word_1_137' title='bbox 919 2468 1024 2549; x_wconf 83' lang='grc' dir='ltr'><strong><em>αἰτίας</em></strong></span> <span class='ocrx_word' id='word_1_138' title='bbox 1044 2475 1110 2536; x_wconf 91' lang='grc' dir='ltr'><strong><em>τῶν</em></strong></span> <span class='ocrx_word' id='word_1_139' title='bbox 1133 2473 1325 2558; x_wconf 81' lang='grc' dir='ltr'><strong><em>πεπραγμέ-</em></strong></span> 
     </span>
    </p>
   </div>
   <div class='ocr_carea' id='block_1_3' title="bbox 178 2571 1324 2881">
    <p class='ocr_par' dir='ltr' id='par_1_3' title="bbox 178 2571 1324 2881">
     <span class='ocr_line' id='line_1_21' title="bbox 178 2571 1323 2671; baseline 0.005 -29"><span class='ocrx_word' id='word_1_140' title='bbox 178 2593 213 2642; x_wconf 86' lang='lat'><strong><em>20</em></strong></span> <span class='ocrx_word' id='word_1_141' title='bbox 226 2605 290 2644; x_wconf 90' lang='grc' dir='ltr'><strong><em>νιον</em></strong></span> <span class='ocrx_word' id='word_1_142' title='bbox 309 2579 365 2664; x_wconf 87' lang='grc' dir='ltr'><strong><em>ἐμέ</em></strong></span> <span class='ocrx_word' id='word_1_143' title='bbox 386 2571 497 2665; x_wconf 87' lang='grc' dir='ltr'><strong><em>ήρῶτα</em></strong></span> <span class='ocrx_word' id='word_1_144' title='bbox 517 2576 555 2644; x_wconf 86' lang='grc' dir='ltr'><strong><em>τδ</em></strong></span> <span class='ocrx_word' id='word_1_145' title='bbox 579 2575 713 2664; x_wconf 78' lang='grc' dir='ltr'><strong><em>συμβάν.</em></strong></span> <span class='ocrx_word' id='word_1_146' title='bbox 745 2576 829 2645; x_wconf 91' lang='grc' dir='ltr'><strong><em>πάνο</em></strong></span> <span class='ocrx_word' id='word_1_147' title='bbox 852 2581 888 2646; x_wconf 86' lang='grc' dir='ltr'><strong><em>δέ</em></strong></span> <span class='ocrx_word' id='word_1_148' title='bbox 909 2582 1099 2664; x_wconf 79' lang='grc' dir='ltr'><strong><em>περιπαθὲς</em></strong></span> <span class='ocrx_word' id='word_1_149' title='bbox 1120 2578 1178 2648; x_wconf 82' lang='grc' dir='ltr'><strong><em>τδν</em></strong></span> <span class='ocrx_word' id='word_1_150' title='bbox 1201 2582 1323 2671; x_wconf 79' lang='grc' dir='ltr'><strong><em>ἐμφρο·</em></strong></span> 
     </span>
     <span class='ocr_line' id='line_1_22' title="bbox 226 2683 1324 2776; baseline 0.003 -23"><span class='ocrx_word' id='word_1_151' title='bbox 226 2688 379 2755; x_wconf 82' lang='grc' dir='ltr'><strong><em>νέστατον</em></strong></span> <span class='ocrx_word' id='word_1_152' title='bbox 401 2683 536 2754; x_wconf 74' lang='grc' dir='ltr'><strong><em>Αἴαντα</em></strong></span> <span class='ocrx_word' id='word_1_153' title='bbox 569 2684 659 2775; x_wconf 82' lang='grc' dir='ltr'><strong><em>παρά</em></strong></span> <span class='ocrx_word' id='word_1_154' title='bbox 695 2693 752 2776; x_wconf 77' lang='grc' dir='ltr'><strong><em>τῆς</em></strong></span> <span class='ocrx_word' id='word_1_155' title='bbox 784 2686 933 2774; x_wconf 77' lang='grc' dir='ltr'><strong><em>γυναικὸς</em></strong></span> <span class='ocrx_word' id='word_1_156' title='bbox 964 2685 1215 2770; x_wconf 84' lang='grc' dir='ltr'><strong><em>πυνθάνεσθαι,</em></strong></span> <span class='ocrx_word' id='word_1_157' title='bbox 1252 2691 1324 2756; x_wconf 88' lang='grc' dir='ltr'><strong><em>τίνα</em></strong></span> 
     </span>
     <span class='ocr_line' id='line_1_23' title="bbox 226 2789 645 2881; baseline 0.002 -17"><span class='ocrx_word' id='word_1_158' title='bbox 226 2798 313 2864; x_wconf 80' lang='grc' dir='ltr'><strong><em>ἐστὶν</em></strong></span> <span class='ocrx_word' id='word_1_159' title='bbox 333 2789 354 2863; x_wconf 80' lang='grc' dir='ltr'><strong><em>δι</em></strong></span> <span class='ocrx_word' id='word_1_160' title='bbox 376 2795 517 2881; x_wconf 75' lang='grc' dir='ltr'><strong><em>ἔπραξεν</em></strong></span> <span class='ocrx_word' id='word_1_161' title='bbox 537 2791 645 2877; x_wconf 82' lang='grc' dir='ltr'><strong><em>αύτός.</em></strong></span> 
     </span>
    </p>
   </div>
   <div class='ocr_carea' id='block_1_4' title="bbox 178 2901 1327 3872">
    <p class='ocr_par' dir='ltr' id='par_1_4' title="bbox 178 2901 1327 3872">
     <span class='ocr_line' id='line_1_24' title="bbox 309 2901 1323 2995; baseline 0.004 -23"><span class='ocrx_word' id='word_1_162' title='bbox 309 2908 351 2974; x_wconf 84' lang='lat' dir='ltr'><strong><em>ib.</em></strong></span> <span class='ocrx_word' id='word_1_163' title='bbox 373 2909 436 2974; x_wconf 80' lang='lat'><strong><em>565</em></strong></span> <span class='ocrx_word' id='word_1_164' title='bbox 458 2909 733 2994; x_wconf 81' lang='grc' dir='ltr'><strong><em>προθυμοτέρους</em></strong></span> <span class='ocrx_word' id='word_1_165' title='bbox 759 2901 881 2987; x_wconf 76' lang='grc' dir='ltr'><strong><em>αύτούς</em></strong></span> <span class='ocrx_word' id='word_1_166' title='bbox 903 2907 1096 2995; x_wconf 86' lang='grc' dir='ltr'><strong><em>καθίστησι·</em></strong></span> <span class='ocrx_word' id='word_1_167' title='bbox 1128 2906 1240 2995; x_wconf 88' lang='grc' dir='ltr'><strong><em>κοινήν</em></strong></span> <span class='ocrx_word' id='word_1_168' title='bbox 1259 2909 1323 2995; x_wconf 84' lang='grc' dir='ltr'><strong><em>γάρ</em></strong></span> 
     </span>
     <span class='ocr_line' id='line_1_25' title="bbox 225 3012 1327 3106; baseline 0.002 -23"><span class='ocrx_word' id='word_1_169' title='bbox 225 3019 280 3084; x_wconf 82' lang='grc' dir='ltr'><strong><em>καὶ</em></strong></span> <span class='ocrx_word' id='word_1_170' title='bbox 299 3013 374 3104; x_wconf 74' lang='grc' dir='ltr'><strong><em>ἴσην</em></strong></span> <span class='ocrx_word' id='word_1_171' title='bbox 393 3018 473 3106; x_wconf 82' lang='grc' dir='ltr'><strong><em>φησὶ</em></strong></span> <span class='ocrx_word' id='word_1_172' title='bbox 496 3012 588 3102; x_wconf 87' lang='grc' dir='ltr'><strong><em>χάριν</em></strong></span> <span class='ocrx_word' id='word_1_173' title='bbox 607 3013 780 3102; x_wconf 81' lang='grc' dir='ltr'><strong><em>ὁμολογεῖν</em></strong></span> <span class='ocrx_word' id='word_1_174' title='bbox 796 3015 906 3103; x_wconf 81' lang='grc' dir='ltr'><strong><em>ἐκείνην</em></strong></span> <span class='ocrx_word' id='word_1_175' title='bbox 929 3041 964 3082; x_wconf 92' lang='grc' dir='ltr'><strong><em>τε</em></strong></span> <span class='ocrx_word' id='word_1_176' title='bbox 986 3020 1044 3103; x_wconf 79' lang='grc' dir='ltr'><strong><em>τῆς</em></strong></span> <span class='ocrx_word' id='word_1_177' title='bbox 1064 3013 1253 3103; x_wconf 70' lang='grc' dir='ltr'><strong><em>ὑπουργίας,</em></strong></span> <span class='ocrx_word' id='word_1_178' title='bbox 1272 3020 1327 3086; x_wconf 85' lang='grc' dir='ltr'><strong><em>καὶ</em></strong></span> 
     </span>
     <span class='ocr_line' id='line_1_26' title="bbox 178 3122 1324 3214; baseline 0.003 -24"><span class='ocrx_word' id='word_1_179' title='bbox 178 3141 212 3190; x_wconf 73' lang='grc'><strong><em>25</em></strong></span> <span class='ocrx_word' id='word_1_180' title='bbox 226 3122 359 3205; x_wconf 83' lang='grc' dir='ltr'><strong><em>τούτοις</em></strong></span> <span class='ocrx_word' id='word_1_181' title='bbox 389 3132 447 3214; x_wconf 82' lang='grc' dir='ltr'><strong><em>τῆς</em></strong></span> <span class='ocrx_word' id='word_1_182' title='bbox 479 3127 683 3213; x_wconf 88' lang='grc' dir='ltr'><strong><em>ἐπαγγελίας·</em></strong></span> <span class='ocrx_word' id='word_1_183' title='bbox 718 3130 920 3210; x_wconf 88' lang='grc' dir='ltr'><strong><em>περιπαθῶς</em></strong></span> <span class='ocrx_word' id='word_1_184' title='bbox 948 3127 984 3193; x_wconf 82' lang='grc' dir='ltr'><strong><em>δὲ</em></strong></span> <span class='ocrx_word' id='word_1_185' title='bbox 1016 3125 1063 3205; x_wconf 86' lang='grc' dir='ltr'><strong><em>εἰς</em></strong></span> <span class='ocrx_word' id='word_1_186' title='bbox 1097 3124 1234 3208; x_wconf 76' lang='grc' dir='ltr'><strong><em>ἔσχατον</em></strong></span> <span class='ocrx_word' id='word_1_187' title='bbox 1263 3153 1324 3193; x_wconf 90' lang='grc' dir='ltr'><strong><em>πε-</em></strong></span> 
     </span>
     <span class='ocr_line' id='line_1_27' title="bbox 227 3230 1327 3324; baseline 0 -23"><span class='ocrx_word' id='word_1_188' title='bbox 227 3230 405 3324; x_wconf 84' lang='grc' dir='ltr'><strong><em>ριεστῶσης</em></strong></span> <span class='ocrx_word' id='word_1_189' title='bbox 433 3241 491 3324; x_wconf 78' lang='grc' dir='ltr'><strong><em>τῆς</em></strong></span> <span class='ocrx_word' id='word_1_190' title='bbox 524 3235 666 3318; x_wconf 88' lang='grc' dir='ltr'><strong><em>ἐλπίδος,</em></strong></span> <span class='ocrx_word' id='word_1_191' title='bbox 701 3230 873 3323; x_wconf 79' lang='grc' dir='ltr'><strong><em>ἐμφρόνως</em></strong></span> <span class='ocrx_word' id='word_1_192' title='bbox 905 3235 947 3301; x_wconf 79' lang='grc' dir='ltr'><strong><em>τά</em></strong></span> <span class='ocrx_word' id='word_1_193' title='bbox 980 3232 1224 3302; x_wconf 78' lang='grc' dir='ltr'><strong><em>σπουδαιότατα</em></strong></span> <span class='ocrx_word' id='word_1_194' title='bbox 1254 3241 1327 3315; x_wconf 86' lang='grc' dir='ltr'><strong><em>τοῖς</em></strong></span> 
     </span>
     <span class='ocr_line' id='line_1_28' title="bbox 227 3338 877 3434; baseline -0.008 -20"><span class='ocrx_word' id='word_1_195' title='bbox 227 3345 368 3433; x_wconf 73' lang='grc' dir='ltr'><strong><em>ἑταίροις</em></strong></span> <span class='ocrx_word' id='word_1_196' title='bbox 389 3341 596 3433; x_wconf 81' lang='grc' dir='ltr'><strong><em>ἐπισκήπτει,</em></strong></span> <span class='ocrx_word' id='word_1_197' title='bbox 621 3338 660 3411; x_wconf 85' lang='grc' dir='ltr'><strong><em>ού</em></strong></span> <span class='ocrx_word' id='word_1_198' title='bbox 683 3349 723 3434; x_wconf 75' lang='grc' dir='ltr'><strong><em>τῇ</em></strong></span> <span class='ocrx_word' id='word_1_199' title='bbox 744 3344 877 3430; x_wconf 83' lang='grc' dir='ltr'><strong><em>γυναικί.</em></strong></span> 
     </span>
     <span class='ocr_line' id='line_1_29' title="bbox 311 3445 1324 3540; baseline -0.002 -19"><span class='ocrx_word' id='word_1_200' title='bbox 311 3456 433 3522; x_wconf 85' lang='lat' dir='ltr'><strong>Electr.</strong></span> <span class='ocrx_word' id='word_1_201' title='bbox 454 3457 495 3521; x_wconf 76' lang='lat'><strong><em>95</em></strong></span> <span class='ocrx_word' id='word_1_202' title='bbox 517 3447 554 3520; x_wconf 75' lang='grc' dir='ltr'><strong><em>ὃν</em></strong></span> <span class='ocrx_word' id='word_1_203' title='bbox 584 3452 665 3520; x_wconf 81' lang='grc' dir='ltr'><strong><em>κατὰ</em></strong></span> <span class='ocrx_word' id='word_1_204' title='bbox 686 3454 746 3538; x_wconf 81' lang='grc' dir='ltr'><strong><em>μὲν</em></strong></span> <span class='ocrx_word' id='word_1_205' title='bbox 766 3449 948 3539; x_wconf 75' lang='grc' dir='ltr'><strong><em>βάρβαρονε</em></strong></span> <span class='ocrx_word' id='word_1_206' title='bbox 980 3449 1071 3538; x_wconf 83' lang='grc' dir='ltr'><strong><em>παρά</em></strong></span> <span class='ocrx_word' id='word_1_207' title='bbox 1090 3449 1129 3519; x_wconf 81' lang='grc' dir='ltr'><strong><em>τά</em></strong></span> <span class='ocrx_word' id='word_1_208' title='bbox 1151 3449 1216 3520; x_wconf 83' lang='grc' dir='ltr'><strong><em>ύπδ</em></strong></span> <span class='ocrx_word' id='word_1_209' title='bbox 1230 3445 1324 3540; x_wconf 74' lang='grc' dir='ltr'><strong><em>Ἅγα-</em></strong></span> 
     </span>
     <span class='ocr_line' id='line_1_30' title="bbox 225 3553 1325 3653; baseline -0.002 -23"><span class='ocrx_word' id='word_1_210' title='bbox 225 3564 385 3649; x_wconf 85' lang='grc' dir='ltr'><strong><em>μέμνονος</em></strong></span> <span class='ocrx_word' id='word_1_211' title='bbox 410 3564 443 3630; x_wconf 86' lang='grc' dir='ltr'><strong><em>ἐν</em></strong></span> <span class='ocrx_word' id='word_1_212' title='bbox 463 3564 640 3653; x_wconf 76' lang='grc' dir='ltr'><strong><em>τήνεκοιήι</em></strong></span> <span class='ocrx_word' id='word_1_213' title='bbox 669 3563 708 3650; x_wconf 90' lang='grc' dir='ltr'><strong><em>&lt;λ</em></strong></span> <span class='ocrx_word' id='word_1_214' title='bbox 726 3562 809 3649; x_wconf 81' lang='grc'>407&gt;</span> <span class='ocrx_word' id='word_1_215' title='bbox 839 3561 957 3644; x_wconf 83' lang='grc' dir='ltr'><strong><em>λεχθὲν</em></strong></span> <span class='ocrx_word' id='word_1_216' title='bbox 988 3553 1076 3628; x_wconf 67' lang='grc' dir='ltr'><strong><em>ςοίίτε</em></strong></span> <span class='ocrx_word' id='word_1_217' title='bbox 1107 3564 1139 3646; x_wconf 79' lang='grc' dir='ltr'><strong><em>μ’</em></strong></span> <span class='ocrx_word' id='word_1_218' title='bbox 1174 3555 1325 3646; x_wconf 81' lang='grc' dir='ltr'><strong><em>άνάρσιοι</em></strong></span> 
     </span>
     <span class='ocr_line' id='line_1_31' title="bbox 179 3664 1320 3760; baseline 0 -23"><span class='ocrx_word' id='word_1_219' title='bbox 179 3681 213 3732; x_wconf 85' lang='grc'><strong><em>30</em></strong></span> <span class='ocrx_word' id='word_1_220' title='bbox 226 3664 349 3759; x_wconf 67' lang='grc' dir='ltr'><strong><em>ἅνδρες</em></strong></span> <span class='ocrx_word' id='word_1_221' title='bbox 379 3674 432 3738; x_wconf 83' lang='grc' dir='ltr'><strong><em>καί</em></strong></span> <span class='ocrx_word' id='word_1_222' title='bbox 460 3672 500 3737; x_wconf 82' lang='grc' dir='ltr'><strong><em>τά</em></strong></span> <span class='ocrx_word' id='word_1_223' title='bbox 521 3669 602 3760; x_wconf 74' lang='grc' dir='ltr'><strong><em>ἑξῆς.</em></strong></span> <span class='ocrx_word' id='word_1_224' title='bbox 645 3668 733 3738; x_wconf 87' lang='grc' dir='ltr'><strong><em>πάνυ</em></strong></span> <span class='ocrx_word' id='word_1_225' title='bbox 762 3672 798 3737; x_wconf 84' lang='grc' dir='ltr'><strong><em>δὲ</em></strong></span> <span class='ocrx_word' id='word_1_226' title='bbox 829 3667 1062 3758; x_wconf 84' lang='grc' dir='ltr'><strong><em>περιπαθήςὸ</em></strong></span> <span class='ocrx_word' id='word_1_227' title='bbox 1086 3666 1191 3757; x_wconf 82' lang='grc' dir='ltr'><strong><em>λόγος,</em></strong></span> <span class='ocrx_word' id='word_1_228' title='bbox 1214 3669 1320 3737; x_wconf 81' lang='grc' dir='ltr'><strong><em>εἶκαὶ</em></strong></span> 
     </span>
     <span class='ocr_line' id='line_1_32' title="bbox 227 3773 1320 3872; baseline -0.003 -25"><span class='ocrx_word' id='word_1_229' title='bbox 227 3783 396 3866; x_wconf 89' lang='grc' dir='ltr'><strong><em>πολεμίιον</em></strong></span> <span class='ocrx_word' id='word_1_230' title='bbox 424 3781 602 3869; x_wconf 83' lang='grc' dir='ltr'><strong><em>πικροτίρα</em></strong></span> <span class='ocrx_word' id='word_1_231' title='bbox 633 3778 738 3872; x_wconf 83' lang='grc' dir='ltr'><strong><em>ἐφάνη</em></strong></span> <span class='ocrx_word' id='word_1_232' title='bbox 761 3777 1033 3868; x_wconf 86' lang='grc' dir='ltr'><strong><em>Κλυταιμνήστρα</em></strong></span> <span class='ocrx_word' id='word_1_233' title='bbox 1054 3785 1100 3868; x_wconf 67' lang='grc' dir='ltr'><strong><em>τη]</em></strong></span> <span class='ocrx_word' id='word_1_234' title='bbox 1125 3779 1197 3867; x_wconf 84' lang='grc' dir='ltr'><strong><em>ίδίιμ</em></strong></span> <span class='ocrx_word' id='word_1_235' title='bbox 1219 3773 1320 3863; x_wconf 85' lang='grc' dir='ltr'><strong><em>άνδρί.</em></strong></span> 
     </span>
    </p>
   </div>
   <div class='ocr_carea' id='block_1_5' title="bbox 227 4025 1324 4193">
    <p class='ocr_par' dir='ltr' id='par_1_5' title="bbox 227 4025 1324 4193">
     <span class='ocr_line' id='line_1_33' title="bbox 316 4025 1324 4095; baseline -0.004 -16"><span class='ocrx_word' id='word_1_236' title='bbox 316 4030 333 4080; x_wconf 90' lang='grc'>4</span> <span class='ocrx_word' id='word_1_237' title='bbox 350 4027 482 4080; x_wconf 83' lang='lat' dir='ltr'>nimirum</span> <span class='ocrx_word' id='word_1_238' title='bbox 502 4028 577 4095; x_wconf 89' lang='lat' dir='ltr'>quod</span> <span class='ocrx_word' id='word_1_239' title='bbox 593 4026 763 4095; x_wconf 80' lang='lat' dir='ltr'><strong>Eurysacem</strong></span> <span class='ocrx_word' id='word_1_240' title='bbox 784 4026 922 4081; x_wconf 84' lang='lat' dir='ltr'>infantem</span> <span class='ocrx_word' id='word_1_241' title='bbox 940 4027 1048 4080; x_wconf 81' lang='lat' dir='ltr'>Teucer</span> <span class='ocrx_word' id='word_1_242' title='bbox 1065 4025 1151 4088; x_wconf 79' lang='lat' dir='ltr'>iubet,</span> <span class='ocrx_word' id='word_1_243' title='bbox 1184 4040 1240 4077; x_wconf 82' lang='lat' dir='ltr'><strong><em>una</em></strong></span> <span class='ocrx_word' id='word_1_244' title='bbox 1259 4039 1324 4078; x_wconf 82' lang='lat' dir='ltr'><strong><em>cum</em></strong></span> 
     </span>
     <span class='ocr_line' id='line_1_34' title="bbox 227 4122 681 4193; baseline 0 -15"><span class='ocrx_word' id='word_1_245' title='bbox 227 4124 288 4193; x_wconf 88' lang='lat' dir='ltr'>ipso</span> <span class='ocrx_word' id='word_1_246' title='bbox 308 4122 396 4193; x_wconf 81' lang='lat' dir='ltr'><strong>patris</strong></span> <span class='ocrx_word' id='word_1_247' title='bbox 417 4122 535 4177; x_wconf 79' lang='lat' dir='ltr'><strong>aufferre</strong></span> <span class='ocrx_word' id='word_1_248' title='bbox 554 4122 681 4178; x_wconf 79' lang='lat' dir='ltr'><strong>cadaver.</strong></span> 
     </span>
    </p>
   </div>
   <div class='ocr_carea' id='block_1_6' title="bbox 317 4234 647 4304">
    <p class='ocr_par' dir='ltr' id='par_1_6' title="bbox 317 4234 647 4304">
     <span class='ocr_line' id='line_1_35' title="bbox 317 4234 647 4304; baseline -0.012 -15"><span class='ocrx_word' id='word_1_249' title='bbox 317 4238 334 4289; x_wconf 83' lang='lat'>8</span> <span class='ocrx_word' id='word_1_250' title='bbox 352 4236 453 4304; x_wconf 76' lang='grc' dir='ltr'><strong><em>παιδίῳ</em></strong></span> <span class='ocrx_word' id='word_1_251' title='bbox 472 4234 496 4290; x_wconf 87' lang='lat' dir='ltr'>V</span> <span class='ocrx_word' id='word_1_252' title='bbox 517 4239 599 4288; x_wconf 89' lang='grc' dir='ltr'><strong><em>παισί</em></strong></span> <span class='ocrx_word' id='word_1_253' title='bbox 616 4234 647 4287; x_wconf 71' lang='grc' dir='ltr'><strong><em>Ιι.</em></strong></span> 
     </span>
    </p>
   </div>
   <div class='ocr_carea' id='block_1_7' title="bbox 298 4338 1322 4416">
    <p class='ocr_par' dir='ltr' id='par_1_7' title="bbox 298 4338 1322 4416">
     <span class='ocr_line' id='line_1_36' title="bbox 298 4338 1322 4416; baseline -0.009 -14"><span class='ocrx_word' id='word_1_254' title='bbox 298 4352 329 4402; x_wconf 83' lang='grc'><strong><em>31</em></strong></span> <span class='ocrx_word' id='word_1_255' title='bbox 351 4347 386 4401; x_wconf 80' lang='lat' dir='ltr'><strong><em>ad</em></strong></span> <span class='ocrx_word' id='word_1_256' title='bbox 404 4348 522 4401; x_wconf 81' lang='lat' dir='ltr'><strong>eundem</strong></span> <span class='ocrx_word' id='word_1_257' title='bbox 541 4363 652 4400; x_wconf 79' lang='lat' dir='ltr'>versum</span> <span class='ocrx_word' id='word_1_258' title='bbox 671 4346 769 4400; x_wconf 78' lang='lat' dir='ltr'><strong>eadem</strong></span> <span class='ocrx_word' id='word_1_259' title='bbox 788 4349 955 4416; x_wconf 70' lang='lat' dir='ltr'><strong>repetuntur</strong></span> <span class='ocrx_word' id='word_1_260' title='bbox 975 4338 1046 4396; x_wconf 72' lang='grc' dir='ltr'><strong><em>πάνυ</em></strong></span> <span class='ocrx_word' id='word_1_261' title='bbox 1064 4343 1227 4412; x_wconf 78' lang='grc' dir='ltr'><strong><em>περιπαθῶς</em></strong></span> <span class='ocrx_word' id='word_1_262' title='bbox 1246 4340 1322 4408; x_wconf 71' lang='grc' dir='ltr'><strong><em>(εἰσί)</em></strong></span> 
     </span>
    </p>
   </div>
   <div class='ocr_carea' id='block_1_8' title="bbox 0 0 1515 5176">
    <p class='ocr_par' dir='ltr' id='par_1_8' title="bbox 0 0 1515 5176">
     <span class='ocr_line' id='line_1_37' title="bbox 0 0 1515 5176; baseline 0 0"><span class='ocrx_word' id='word_1_263' title='bbox 0 0 1515 5176; x_wconf 95' lang='lat' dir='ltr'><strong><em> </em></strong></span> 
     </span>
    </p>
   </div>
  </div>
 </body>
</html>
