3000 5176
646 342 688 408 55

120 530 232 593 λακται
254 526 312 607 τὰς
333 522 510 613 ὀνομασίας
530 520 637 594 αἰτῶν
658 525 766 594 εἰπεῖν
788 539 879 594 certo
903 529 1115 613 cognoscitur
1138 532 1216 595 scri·

120 648 194 727 ptor
216 638 331 704 scholii
354 639 457 726 Sopb.
478 637 598 703 Electr.
622 637 663 703 62
683 635 731 716 εἰς
751 641 849 702 τοῦτο
873 625 934 703 οὖν
957 634 1064 704 ἔοικεν
1083 631 1216 705 cinerei·

122 754 236 815 υεσθαι
252 744 460 836 ὁΣοφοκλῆς.
486 744 567 813 ἔνιοι
587 746 623 813 δὲ
646 742 768 812 οἴονται
791 740 980 830 ἀπιθάνως,
1001 745 1049 826 εἰς
1067 740 1218 817 Ὀδυσσέα

122 849 369 939 ἀποτείσασθαι,
394 847 546 935 ου’)’ττιος57
566 855 623 942 γὰρ
647 856 834 939 πέπρακταί
855 882 886 922 τι
903 861 1054 922 τοιοῦτον
1063 851 1217 926 Ὀδυσσεῖ.

121 962 356 1053 ἐφυλάξατο
379 966 419 1031 δὲ
437 958 650 1048 σύομάσαι
673 965 747 1031 σου
765 957 900 1050 ἄνδρα,
922 962 966 1053 μή
992 973 1072 1056 υτμῦῧ
1092 972 1217 1051 θαυμα-

121 1071 198 1140 συόυ
223 1068 305 1141 εἶναι
326 1070 414 1162 δόξῃ,
447 1070 493 1153 ὥς
516 1075 549 1140 ἐν
570 1075 733 1162 τραγῳδίᾳ
755 1075 808 1139 καὶ
829 1070 929 1161 μύθῳ
954 1076 1084 1163 παλαιῷ
1107 1072 1216 1142 τετόλ-

120 1209 201 1269 μηκε
213 1188 239 1225 ⁵⁹
260 1177 292 1248 σι
311 1178 475 1269 κακόηθες
495 1180 603 1248 εἰπεῖν
624 1183 677 1247 καὶ
693 1180 975 1267 ιττροσκρουσυτκόυ
995 1180 1215 1263 εἰςσούςκαθ’
1278 1252 1281 1261 ,

121 1290 245 1376 ἑαυτὸν,
269 1287 288 1359 ii
308 1295 432 1377 μᾶλλον
455 1290 576 1380 ἥρμοζε
599 1293 765 1380 κωμῳδίᾳ.
794 1293 941 1358 videmus
965 1294 1065 1377 igitur
1089 1295 1218 1379 Didy-
1275 1276 1276 1280 Ἰ

125 1428 237 1484 mum,
271 1404 310 1468 ad
337 1425 433 1488 quem
456 1403 660 1491 potissimum
684 1402 808 1467 scholia
832 1413 940 1467 nostra
961 1403 993 1467 in
1017 1403 1217 1489 Sophoclem

125 1513 381 1600 Euripidemque
419 1512 592 1578 referenda
624 1534 695 1577 esse
725 1512 787 1576 iam
821 1512 944 1599 pridem
980 1512 1218 1580 intellexerunt

123 1622 184 1687 viri
207 1622 342 1703 docti⁶⁰,
367 1623 463 1687 etiam
493 1621 552 1685 arti
576 1632 747 1709 poetarum
778 1621 978 1705 tragicorum
1002 1622 1219 1710 explicandae

123 1754 253 1818 operam
278 1731 419 1796 dedisse.
440 1730 481 1794 ad
495 1730 756 1816 intellegendum
778 1732 926 1796 scholion
951 1732 991 1794 dc
1016 1731 1099 1814 loco,
1121 1754 1217 1820 quem

122 1850 259 1927 spectat,
280 1837 431 1904 Electrae
454 1839 518 1903 hoc
540 1837 739 1903 monendum
756 1848 815 1904 cst.
840 1850 873 1903 ut
897 1852 1007 1904 arceat
1030 1839 1121 1926 quasi
1144 1839 1217 1905 reli·

122 1948 265 2032 prienam,
289 1948 341 2012 eui
366 1948 544 2012 obnoxium
569 1947 718 2011 videatur
741 1947 913 2012 eonsilium
937 1959 1041 2014 morte
1067 1947 1220 2013 simulata

122 2056 299 2122 vindictam
322 2057 471 2121 sumendi
489 2056 529 2121 dc
543 2053 808 2141 Clytaemnestra
823 2056 1062 2144 Aegisthoque,
1083 2056 1218 2123 Orestes

123 2166 286 2254 sapientes
309 2166 465 2250 quosdam
491 2174 733 2245 commemorat,
757 2165 810 2250 qui
833 2166 904 2252 pari
924 2165 1130 2230 simulatione
1154 2188 1218 2230 ma·-

123 2298 221 2360 gnam
245 2275 305 2341 sibi
327 2276 587 2360 comparaverint
599 2274 745 2358 gloriam.
771 2274 901 2358 quinam
924 2286 1033 2338 essent
1056 2273 1219 2359 sapientes

123 2385 182 2467 illi,
193 2386 255 2448 iam
272 2384 450 2470 antiquitus
462 2383 698 2469 ambigebatur.
717 2383 779 2448 hoc
796 2382 917 2468 optime
932 2383 1032 2448 sensit
1044 2381 1220 2467 Didymus,

124 2493 252 2560 Orestis
277 2496 376 2559 verba
409 2517 472 2559 non
504 2494 649 2582 potuisse
683 2492 844 2576 intellegi,
878 2492 938 2556 nisi
972 2494 1012 2558 ad
1045 2513 1218 2579 personam

123 2614 309 2688 spectarent
334 2603 483 2668 omnibus
507 2605 559 2688 qui
585 2604 722 2668 aderant
745 2614 864 2668 notam.
911 2603 1003 2667 cuius
1033 2624 1153 2667 nomen
1177 2602 1220 2666 si-

122 2712 223 2777 lentio
246 2713 509 2800 praetermittere
533 2712 596 2777 iam
618 2735 656 2778 eo
673 2715 852 2796 cogebatur
870 2723 978 2801 poeta,
1001 2736 1040 2778 ne
1064 2724 1130 2777 tam
1153 2736 1222 2777 man

124 2823 240 2888 nifesto
267 2823 299 2887 in
323 2845 437 2891 omnes
461 2834 644 2910 temporum
670 2823 812 2887 rationes
835 2821 1217 2911 peccaretOrestemque

223 3002 256 3052 57
279 2993 377 3058 Oiinwa
395 2999 462 3052 Otto
483 2999 594 3052 Iahnius
613 2999 719 3053 Electr.
738 3017 765 3068 p.
776 3002 812 3052 28
831 2994 914 3057 οὕτως
931 2999 962 3053 L.

224 3097 257 3149 58
277 3100 331 3149 Καὶ
349 3092 389 3166 μὴ
408 3097 462 3148 ruia
480 3097 651 3165 θαυμαστῶν
667 3096 700 3160 L,
721 3096 796 3165 quod
813 3098 936 3150 correxit
952 3095 1079 3149 Wollfins
1102 3095 1129 3147 in
1147 3095 1220 3148 libro

123 3196 154 3246 de
170 3197 262 3278 {clffllh
277 3195 357 3246 Later.
370 3198 533 3246 auctoritate
549 3210 577 3260 p.
588 3194 619 3245 16
637 3197 682 3245 καὶ
698 3187 738 3263 μή
750 3213 786 3262 τῳ
798 3186 969 3264 θαυμαστόν.
989 3191 1118 3260 equidem
1128 3190 1220 3244 deleta

123 3288 261 3358 particula
279 3295 326 3341 καί
342 3290 484 3357 sequentia
503 3291 588 3343 verba
606 3291 648 3342 ita
665 3290 807 3359 prioribus
825 3289 948 3350 adiunxi,
969 3287 1220 3342 uteausamcouti·

123 3389 229 3450 nerent,
247 3404 297 3438 cur
308 3387 460 3455 Sophocles
479 3387 591 3440 uomina
609 3404 665 3440 non
683 3387 844 3441 addidisset.
872 3387 979 3456 priores
990 3386 1113 3440 editores
1125 3403 1220 3438 omnes

123 3487 252 3552 separata
270 3483 402 3536 aceteris
421 3483 553 3536 exhibent
572 3485 657 3537 verba
677 3476 827 3555 ἐφυλάξατο
846 3483 876 3535 δὲ
898 3475 1034 3552 ὀνομάσαι
1055 3478 1103 3534 τὸυ
1123 3474 1219 3550 ἄνδρα.

223 3577 256 3629 59
275 3575 317 3635 Ὠς
332 3608 364 3615 -
379 3571 524 3648 τετόλμηκε
545 3577 606 3630 cod.
627 3577 706 3631 Vind.
726 3579 787 3643 281,
817 3578 895 3630 cuius
919 3575 1043 3645 potiores
1066 3574 1219 3642 scripturas

123 3673 304 3727 Heimsoethii
315 3673 442 3727 comitati
453 3673 551 3727 debeo.
562 3676 702 3744 τετυλμηκ.
710 3693 733 3725 τι
745 3673 767 3724 L
777 3668 980 3743 τετυλμηκόττΗ
990 3675 1181 3742 τετυλμηκένατ
1188 3671 1219 3725 F.

222 3771 257 3823 60
276 3769 329 3823 Cfr.
346 3769 380 3822 W
392 3767 473 3822 alfii
494 3767 757 3824 commentationem
774 3769 790 3820 l.
802 3769 818 3821 l.
836 3786 865 3836 p.
877 3770 909 3820 12
921 3785 979 3836 sqq.
999 3774 1028 3821 et
1047 3766 1219 3820 Maurieii

123 3865 316 3920 Schmidtii
340 3866 443 3919 librum
468 3869 575 3934 Didymi
605 3869 778 3919 Chalcentera'
806 3871 958 3934 [reparante
986 3881 1014 3931 p.
1027 3864 1078 3916 261
1098 3881 1156 3931 sqq.
1184 3863 1218 3916 de

124 3963 235 4031 Didymi
257 3963 357 4016 studiis
368 3962 529 4030 Aeschyleis
548 3979 603 4014 non
623 3960 726 4014 certius
750 3967 793 4014 est
812 3960 944 4014 iudicium
964 3977 1046 4028 quam
1064 3959 1219 4013 deAriste·

123 4060 231 4130 phania,
260 4078 322 4112 cum
347 4076 448 4112 nomen
475 4058 533 4111 eius
558 4059 586 4111 in
613 4057 726 4111 scholiis
745 4057 850 4110 nostris
871 4074 927 4110 non
946 4061 1087 4125 appareat.
1123 4061 1219 4108 tamen

123 4157 185 4210 aliis
205 4157 239 4210 de
258 4156 357 4220 causis,
375 4173 443 4223 quas
461 4155 591 4224 exposuit
609 4154 794 4217 Gustavus
816 4153 906 4222 Frey
924 4154 953 4206 in
966 4153 1165 4207 dissertatione
1188 4154 1218 4205 de

125 4257 249 4322 Aeschyli
278 4257 388 4306 scholiis
418 4256 546 4308 Mediceis
574 4252 743 4320 conscripta,
768 4250 916 4304 admodum
942 4249 1089 4318 probabile
1116 4253 1166 4311 est,
1190 4248 1218 4300 in

125 4348 291 4416 Aeschylum
310 4367 419 4417 quoque
438 4349 653 4402 commentarios
673 4348 818 4417 scripsisse
836 4346 994 4416 Didymum.
