3000 5176
666 299 708 365 39

140 490 290 571 eventu),
311 480 393 553 ἄλλα
414 488 541 570 μαλλον
562 491 620 572 τῆς
641 487 814 572 κωμῳδίας
835 483 947 552 οἰκεία·
971 485 1038 551 ἐκεῖ
1058 485 1126 572 γὰρ,
1149 479 1236 548 δυσί

140 593 292 679 ἔχθιστοι
314 583 395 663 αῖσιν
423 597 457 662 έν
482 599 529 683 τῴ
561 591 672 682 plen,
706 587 780 660 οἷον
802 587 949 682 Ὀρέστης
978 596 1032 661 καί
1055 590 1238 681 Αἴγισθος,

139 705 232 794 φίλοι
259 702 422 792 γινόμενοι
446 706 508 771 έπί
539 706 692 790 τελευτῆς
719 705 910 789 ἐξέρχονται,
943 705 994 771 καί
1027 697 1235 789 ἀποθνήσκει

139 807 247 893 οὐδείς
269 813 326 881 ὑπ’
348 808 490 894 οὐδενός.

239 925 345 990 Arete
368 948 440 988 cum
464 924 513 989 his
531 924 573 988 de
596 923 719 988 comico
742 923 925 988 fabularum
937 922 1025 987 exitu
1040 922 1236 988 observatio-

140 1035 236 1100 nibus
261 1035 449 1117 cohaerent,
472 1055 554 1119 quac
581 1031 621 1096 de
644 1032 783 1116 singulis
804 1033 929 1098 scaenis
950 1057 970 1117 a
992 1030 1119 1117 tragica
1140 1030 1237 1096 subli-

140 1145 251 1209 mitate
272 1142 387 1207 alicnis
408 1143 441 1206 in
458 1142 594 1206 scholiis
614 1151 766 1206 annotata
788 1143 1009 1206 inveniuntur.
1032 1163 1114 1226 quae
1127 1162 1236 1225 quam·

139 1253 189 1317 vis
220 1251 283 1317 iam
316 1275 358 1316 ex
391 1251 439 1316 rei
468 1250 681 1317 similitudine
708 1249 937 1338 Aristophanis
966 1249 1159 1338 disciplinae
1181 1249 1237 1314 tri·

140 1364 242 1428 buere
273 1362 444 1448 possimus,
479 1372 587 1426 tamen
611 1382 677 1424 non
703 1360 819 1424 inutile
842 1360 903 1424 erit
924 1383 1024 1424 unum
1047 1361 1236 1448 exemplum

139 1472 270 1554 afferre,
294 1471 349 1536 uhi
366 1472 464 1536 etiam
488 1483 661 1536 externum
685 1470 848 1554 quoddam
873 1469 1094 1534 testimonium
1107 1468 1236 1534 Aristo-

139 1580 256 1667 phanis
281 1580 464 1645 doctrinam
486 1581 641 1645 declarat.
666 1578 792 1644 collatis
817 1601 890 1643 cum
903 1578 1135 1663 Aristophanis
1157 1577 1237 1642 iudi·

140 1688 199 1768 cio,
233 1692 320 1775 quod
350 1689 383 1754 in
413 1699 608 1774 argumento
635 1689 887 1755 Andromachae
911 1688 1061 1753 restituto
1087 1687 1128 1752 de
1152 1687 1237 1750 Her-

140 1797 268 1865 mionae
290 1798 439 1865 convitiis
460 1800 493 1865 in
517 1799 780 1864 Andromacham
805 1798 913 1863 missis
937 1799 1017 1862 fert:
1041 1796 1075 1862 έν
1095 1801 1142 1883 τῷ
1166 1798 1238 1863 δευ-

128 1907 223 1995 τέρῳ
249 1907 342 1993 μέρει
369 1949 408 1958 --
438 1905 455 1973 δ
478 1904 564 1993 πρὸς
587 1900 810 1994 Ἀνδρομάχην
831 1902 928 1992 λόγος
951 1899 990 1973 οί·
1014 1908 1121 1986 καλαῖς
1145 1903 1238 1989 ἔχων,

138 2017 178 2083 ίίε
201 2041 284 2104 quae
308 2017 484 2084 scholiasta
506 2019 547 2082 ud
569 2017 715 2083 ciusdem
735 2017 866 2083 fabulae
892 2042 923 2082 v.
940 2017 980 2081 32
1003 2016 1087 2104 λέγει
1109 2012 1170 2102 γαρ
1194 2012 1239 2096 ὡς

140 2152 188 2193 νιν
208 2122 394 2217 φαρμάκοις
414 2126 645 2213 κεκρυμμένοις
666 2136 813 2192 annotat:
838 2121 868 2191 ol
892 2122 1027 2214 φαύλως
1048 2123 1238 2211 ὑπομνιγμα-

140 2232 306 2321 τισάμενοι
327 2235 499 2321 ἐγκαλοῦσι
521 2240 568 2322 τῷ
590 2228 754 2322 Εὐριπίδῃ
781 2232 971 2325 φάσκοντες,
993 2236 1049 2301 έπί
1075 2241 1239 2322 τραγικοῖς

140 2340 337 2430 προσώποις
357 2346 530 2434 κωμῳδίαν
551 2337 655 2411 αδτδν
677 2346 920 2412 διατεθεῖσθαι
943 2349 1100 2431 γυναικῶν
1118 2369 1153 2409 τε
1176 2340 1238 2429 γαρ

144 2452 302 2536 ὑπονοίας
322 2458 390 2521 κατ’
414 2449 565 2544 σίλλήλων
587 2454 640 2521 καί
659 2451 779 2541 Ιζήλους
800 2440 853 2521 καί
876 2456 1042 2540 λοιδορίας
1072 2456 1125 2522 καί
1155 2449 1239 2523 litto

140 2560 202 2632 door
224 2563 271 2644 εἰς
298 2564 472 2652 κωμῳδίαν
501 2566 656 2643 συντελεῖ,
693 2569 794 2630 ταῦτα
824 2561 1044 2648 ἁπαξάπαντα
1076 2571 1178 2632 τοῦτο
1200 2565 1239 2631 cd

139 2677 246 2759 δρᾶμα
285 2666 512 2762 ἀπειληφέναι,
543 2666 742 2760 ἆγνοοῦντες.
784 2671 846 2741 ὅσα
880 2671 942 2761 γδρ
976 2674 1024 2754 είς
1058 2678 1239 2764 τραγῳδίαν

139 2785 286 2852 συντελεῖ
315 2788 431 2862 ,ταῦτα
456 2784 618 2869 περιέχει,
646 2785 703 2852 τὸν
738 2781 883 2853 θάνατον
913 2790 971 2853 τοῦ
1002 2786 1238 2870 Νεοπτολέμου

139 2893 193 2959 καί
229 2898 356 2980 θρῆνον
386 2893 524 2980 Πιγλέιος
557 2894 590 2960 έν
620 2894 719 2978 τέλει,
751 2891 840 2978 δίπερ
868 2895 936 2961 ἐστὶ
967 2891 1115 2982 τραγικά,
1149 2907 1239 2983 patct

140 3003 299 3092 primum,
329 3025 393 3088 quo
426 3005 611 3092 pertineant
638 3004 695 3068 illa
724 3008 881 3089 γυναικοῖν
915 3029 951 3070 τε
984 3002 1044 3090 γαρ
1079 3001 1240 3084 ’ὑπονοίας

138 3114 207 3178 κατ’
230 3105 378 3200 αλλήλων
399 3114 452 3179 καί
473 3113 648 3198 λοιδορίας,
677 3114 718 3178 ad
743 3114 985 3198 obiurgationes
1010 3138 1126 3202 nempe
1150 3116 1239 3181 Her·
1288 3116 1290 3122 ’

141 3222 266 3288 mionae
293 3223 625 3309 Andromachaeque,
661 3222 791 3307 deinde,
819 3222 891 3309 quis
914 3224 1014 3288 luerit
1040 3248 1123 3288 unus
1150 3236 1238 3290 certo

141 3355 183 3399 ex
205 3328 343 3420 φαύλως
367 3327 739 3420 δπομνιγματισαμένοις.
784 3357 857 3397 nam
881 3333 1119 3421 Aristophanes
1144 3334 1239 3399 illum

141 3441 248 3532 ipsum
270 3444 378 3509 locum
400 3444 566 3509 ambarum
590 3443 766 3509 mulierum
790 3443 1056 3509 altercationibus
1076 3443 1238 3529 insignem

141 3551 315 3639 vituperat,
340 3575 437 3639 quom
450 3552 538 3617 miris
556 3553 687 3641 quidem
700 3553 904 3638 argumentis
928 3552 1107 3618 defendere
1130 3552 1240 3617 studet

142 3660 326 3743 scholiasta,
348 3662 449 3727 multo
474 3662 666 3729 recentioris
689 3664 776 3728 haud
799 3663 982 3727 dubicaevi
996 3662 1239 3750 grammaticus.

144 3771 312 3835 cuiusnam
335 3772 435 3836 verba
457 3770 529 3850 sint,
553 3793 636 3857 quae
663 3772 759 3837 affert
790 3766 985 3860 (φάσκοντες
995 3820 1107 3837 ......
1109 3776 1121 3853 )
1145 3771 1239 3851 infra,

143 3879 265 3944 clarum
286 3880 351 3944 fiet.
397 3879 449 3944 hic
471 3880 591 3944 sufficit
613 3880 831 3961 intellexisse,
858 3881 1033 3945 oriundum
1057 3902 1129 3944 esse
1156 3879 1240 3943 vitu·

144 3989 270 4077 perium
293 3988 459 4077 Euripidis
490 3990 529 4052 ah
561 3989 797 4076 Aristophane,
838 3990 1014 4076 repetitum
1044 3999 1076 4053 et
1107 3988 1239 4073 longius

144 4097 327 4183 expositum
358 4100 398 4163 ab
427 4097 531 4162 altero
562 4098 703 4186 quodam
735 4099 959 4183 grammatico,
995 4100 1169 4162 refutatum
1200 4099 1240 4161 ab

144 4206 275 4272 homine
298 4205 481 4272 recentiore
503 4207 679 4273 mediocris
700 4206 798 4273 valdo
817 4206 950 4293 ingenii.
975 4230 1016 4272 ex
1032 4205 1163 4272 scholiis
1179 4207 1238 4275 So·

142 4315 291 4407 phocleis
313 4324 387 4404 apte
410 4315 473 4380 huc
494 4315 632 4383 adscisci
655 4325 790 4403 queunt,
812 4317 929 4405 quibus
946 4315 1065 4381 Teucri
1080 4315 1238 4382 Menelai-
