3000 5176
734 336 771 399 21

203 519 348 601 tandum,
372 520 449 604 quin
474 543 522 603 ca,
555 540 637 603 quae
666 518 706 583 de
731 519 935 602 singularum
968 519 1152 584 fabularum
1172 521 1299 585 scaenis

202 631 332 693 concise
356 628 487 712 quidem
510 639 542 692 at
562 630 605 692 ita
631 639 736 692 tamen
762 627 886 691 monuit
898 628 1152 716 Aristophanes,
1174 637 1209 692 ut
1230 630 1297 716 ple·

200 762 273 802 nam
296 738 372 802 inde
395 759 532 802 scaenae
566 738 742 820 imaginem
767 746 900 823 possent
922 736 1062 818 haurire,
1097 736 1223 801 incuria
1245 739 1296 803 de·

200 869 287 912 mum
311 847 519 912 librariorum
543 847 595 910 vel
631 846 684 930 qui
713 853 906 929 argumenta
941 845 1168 931 excripserunt
1192 869 1299 932 gram·

199 955 389 1020 maticorum
427 955 467 1018 ad
489 955 570 1018 viles
598 953 769 1039 reliquias,
807 976 886 1040 quas
909 953 1007 1019 hodie
1030 955 1205 1037 habemus,
1236 955 1300 1020 sint

202 1063 344 1130 redacta.
390 1064 593 1129 luculentum
618 1063 780 1147 quoddam
816 1063 1048 1147 testimonium,
1072 1087 1167 1148 quam
1193 1065 1300 1129 incre·

199 1173 292 1238 dibili
322 1174 534 1259 neglegentia
563 1184 755 1259 argumenta
781 1174 1024 1260 Aristophanes
1053 1175 1201 1263 excripta
1224 1176 1300 1257 sint,

199 1284 246 1365 (et
278 1283 333 1347 vix
360 1306 440 1370 opus
465 1295 515 1348 est
538 1284 587 1366 ei,
619 1284 673 1368 qui
710 1284 766 1347 illa
794 1283 1052 1370 perlustraverit,
1084 1283 1297 1368 testimonio,)

199 1403 427 1478 argumentum
453 1393 624 1456 Persarum
650 1392 749 1477 (XIII
764 1392 805 1476 C)
838 1393 983 1478 praebet,
1006 1392 1060 1456 ubi
1085 1391 1124 1455 ad
1147 1391 1297 1459 indican-

199 1501 272 1565 dam
297 1524 457 1574 scaenam,
480 1501 709 1585 gravissimum
741 1503 894 1566 omissum
918 1511 976 1564 est.
1031 1522 1105 1564 nam
1125 1501 1149 1564 si
1175 1501 1298 1586 legitur

197 1610 253 1676 καί
280 1607 368 1676 ἔστιν
398 1605 417 1696 ἡ
442 1609 502 1693 μὲν
531 1605 629 1696 σκηνὴ
655 1612 714 1674 τοῦ
737 1605 901 1694 δράματος
930 1604 1021 1692 παρὰ
1044 1612 1091 1695 τῷ
1111 1605 1210 1698 τάφῳ
1233 1615 1300 1675 Λα-

198 1719 299 1804 ρείου,
322 1719 354 1783 ῖο
377 1720 549 1806 propatulo
573 1729 633 1800 est,
658 1720 925 1803 praetermissum
949 1740 1020 1784 esse
1044 1743 1062 1782 a
1084 1719 1218 1783 librario
1245 1743 1297 1784 ur-

201 1829 251 1894 bis
275 1851 406 1909 nomen,
430 1829 462 1892 in
488 1851 550 1912 qua
574 1828 716 1892 tumulus
737 1829 830 1892 Darii
855 1837 1024 1894 extructus
1047 1838 1127 1894 erat.
1173 1829 1298 1893 Aristo-

200 1938 325 2026 phanes
349 1937 478 2023 scripsit
500 1933 519 2023 ἡ
542 1934 640 2023 σκηνὴ
668 1932 840 2002 ὑπόκειται
872 1937 906 2002 έν
929 1932 1068 2015 Σούσοις
1099 1961 1134 2002 π.
1158 1962 1186 2004 τ.
1208 1963 1236 2003 τ.
1261 1943 1298 2004 Δ.
1356 2024 1358 2026 v

298 2046 375 2112 Non
405 2045 534 2110 diversa
567 2048 605 2112 ab
639 2070 676 2111 ea
708 2047 850 2129 ratione,
886 2070 948 2132 qua
983 2047 1041 2111 has
1064 2047 1298 2134 Aristophanis

205 2165 295 2220 netas
318 2155 465 2221 videmus
488 2155 659 2234 mutilatas,
682 2156 817 2240 alterum
843 2166 990 2221 notarum
1021 2177 1127 2240 genus
1149 2156 1182 2221 in
1204 2156 1298 2224 libris

200 2264 319 2330 nostris
335 2265 537 2330 decurtatum
552 2274 609 2328 cst.
633 2265 703 2328 cho
715 2264 748 2329 ri
769 2287 975 2352 personae
991 2267 1091 2351 longe
1106 2267 1137 2330 in
1150 2265 1299 2353 plurimis

198 2373 435 2461 hypothesibus
449 2384 579 2461 practer
601 2374 700 2438 fixam
724 2375 898 2439 formulam
926 2371 944 2440 δ
969 2375 1004 2440 δὲ
1022 2370 1120 2460 χορός
1143 2374 1297 2462 συνέστη-

198 2507 253 2548 κεν
280 2481 314 2547 ἐκ
346 2482 472 2547 duobus
501 2493 623 2546 tantum
654 2483 763 2548 verbis
791 2482 1017 2568 significantur
1045 2485 1146 2549 veluti
1177 2484 1296 2567 ἐπιχω-

198 2592 278 2678 ρίων
299 2587 460 2677 γερόντων
488 2593 550 2673 (ΙΙ)
581 2595 739 2678 γυναικῶν
781 2592 960 2657 πολιτίδων
996 2593 1081 2679 (ΙΙΙ)
1114 2598 1297 2661 Φοινισσῶν

197 2705 355 2788 γυναικῶν
376 2701 434 2785 (V)
466 2712 498 2765 et
526 2724 606 2787 quae
639 2712 714 2766 sunt
746 2702 873 2766 similia.
928 2702 962 2767 in
997 2703 1163 2769 nonnullis
1186 2713 1293 2768 autem

200 2811 309 2900 paullo
332 2810 511 2875 accuratius
525 2810 753 2876 describuntur
766 2832 925 2898 personae
938 2821 974 2874 ut
996 2811 1029 2874 in
1051 2835 1120 2898 arg.
1134 2812 1299 2878 Philocte-

199 2931 250 2986 tae
273 2921 387 3005 (XVI)
422 2919 439 2985 ό
471 2920 506 2986 δὲ
534 2916 632 3004 χορός
658 2920 849 3006 συνέστηκεν
882 2920 917 2985 έκ
946 2916 1116 3008 γερόντων,
1144 2925 1191 3009 τῷ
1214 2930 1298 2988 Νεο-

197 3028 352 3116 πτολέμῳ
371 3024 615 3113 συμπλεόντων,
628 3030 659 3093 ἰο
677 3052 748 3114 arg.
761 3029 833 3118 Iph.
846 3030 884 3095 T.
899 3029 1031 3114 (XXII)
1054 3029 1090 3112 ἐξ
1106 3028 1297 3118 Ἑλληνίδων

197 3141 366 3223 γυναικῶν,
387 3137 635 3223 θεραπαινίδιον
651 3143 712 3225 τῆς
730 3131 922 3228 Ἰφιγενείας.
945 3139 1047 3205 fusius
1061 3142 1156 3206 etiam
1180 3151 1297 3208 notan-

198 3256 251 3312 tur
272 3246 363 3312 chori
388 3269 547 3333 personae
570 3247 603 3311 in
633 3269 703 3331 arg.
725 3248 806 3312 Hec.
837 3245 931 3332 (XX)
966 3244 984 3312 ό
1016 3246 1114 3333 χορός
1144 3250 1294 3338 συνέστη-

197 3379 251 3421 κεν
272 3355 307 3421 ἒκ
338 3359 495 3442 γυναικῶν
520 3353 766 3438 αἰχμαλωτίδων
795 3336 966 3443 Τρῳάδων,
1002 3363 1295 3444 συμπαθησουσιῦν

196 3468 235 3554 τῇ
264 3459 385 3552 Ἑκάβη
412 3476 443 3530 et
474 3465 668 3552 Supplicum
704 3464 813 3549 (XXI)
846 3461 863 3531 ὁ
904 3461 1002 3550 χορδς
1036 3466 1228 3553 συνέστηκεν
1262 3468 1299 3551 ἐξ

195 3564 351 3658 ’.ίργείων
371 3575 538 3659 γυναικῶν,
561 3568 599 3637 αἳ
617 3572 753 3658 μητέρες
773 3560 856 3659 ἦσαν
877 3577 944 3638 τοῖν
966 3574 1000 3640 έν
1018 3570 1141 3662 Θήβαις
1162 3599 1294 3642 πεπτω·

196 3677 301 3747 κόνων
325 3674 492 3767 ἀριστέων.
553 3683 698 3770 sequitur
731 3705 774 3748 ex
795 3684 862 3766 his,
893 3693 930 3748 ut
956 3684 1193 3773 Aristophanes
1228 3709 1294 3751 non

202 3793 305 3857 solum
327 3791 532 3876 indicaverit,
560 3791 696 3856 chorum
731 3801 879 3858 constare
910 3815 951 3857 ex
975 3793 1025 3858 his
1048 3794 1156 3860 illisve
1180 3818 1296 3882 perso-

197 3901 259 3985 nis,
283 3902 352 3974 sed,
376 3902 490 3988 quales
513 3902 588 3966 illae
607 3913 727 3985 essent,
751 3903 862 3988 paucis
879 3903 976 3968 etiam
994 3904 1165 3971 addiderit.
1189 3927 1295 3991 neque

197 4011 246 4075 his
275 4011 393 4076 additis
427 4012 609 4076 substitisse
635 4012 693 4076 sed
716 4013 846 4097 longius
877 4013 1074 4099 processisse
1103 4014 1296 4104 Aristopha-

198 4143 282 4202 nem,
303 4121 347 4185 ita
368 4130 404 4184 ut
419 4120 630 4186 adumbraret
647 4122 755 4206 etiam,
773 4145 835 4207 qua
862 4123 988 4189 ratione
1008 4123 1160 4188 dramatis
1175 4125 1294 4189 actioni

195 4229 390 4295 interessent
414 4229 502 4293 chori
528 4252 700 4318 personae,
728 4251 771 4294 ex
792 4231 843 4295 his
867 4232 994 4298 duobus
1017 4232 1178 4321 exemplis
1202 4243 1293 4299 etro

197 4347 230 4402 et
248 4338 357 4402 verbis
376 4338 473 4427 plane
488 4339 640 4425 gemellis
662 4339 741 4406 licet
758 4342 952 4407 concludere
976 4362 1045 4428 arg.
1059 4341 1187 4409 Orestis
1208 4341 1287 4427 (Vl)
