3000 5176
724 311 784 374 127

198 503 270 577 τοῖς
298 489 585 583 άλλοιςἛλλησιν’
622 491 708 560 οότιυ
735 496 771 561 δέ
804 497 857 562 καί
886 493 904 583 ή
932 489 1042 563 είνοια
1073 500 1131 584 τῆς
1152 489 1297 583 Ἀθηνᾶς

200 606 396 674 ἐνδείκνυται
417 605 465 686 είς
484 599 646 672 Ὀδυσσέα.

281 716 502 804 Hipp01.656
526 707 589 781 οὐκ
618 712 688 783 ἐστι
717 710 875 802 φορτικός
897 709 915 780 δ
938 709 1042 800 λόγος,
1072 707 1154 781 ἀλλὰ
1174 717 1297 798 μᾶλλον

197 828 255 914 τῆς
274 821 424 911 ὑποψίας
447 829 505 890 τοῦ
527 817 761 909 ἁμαρτήματος
793 819 1045 906 θεραπευτικός.
1070 819 1089 911 ἢ
1110 820 1190 907 τάχα
1212 849 1297 910 προ-

196 935 356 1021 τραγφδεῖ
378 929 549 1011 τὸπάθος
569 935 721 997 τοιοῦτον
741 929 1005 1018 μικρδνάστερον
1021 933 1076 999 ἐπὶ
1098 929 1327 1020 καταγνώσειό

198 1044 346 1128 μοιχείας
366 1047 475 1109 ποιῶν
496 1037 784 1128 κατηγορούμενον.

284 1153 355 1221 OT.
377 1154 419 1218 34
448 1153 483 1219 ἐκ
505 1148 623 1217 τούτου
656 1152 691 1217 δέ
718 1151 993 1238 παθητικωτέραν
1025 1147 1084 1239 τήν
1117 1152 1297 1238 τραγῳδίαν

196 1266 299 1345 ποιεῖ,
322 1257 401 1327 ὅταν
425 1257 442 1326 δ
466 1265 616 1339 τοιοῦτος
645 1253 728 1327 εἶναι
750 1256 962 1344 νομιζόμενος
984 1264 1070 1349 φανῇ
1089 1267 1213 1340 καινοῖς
1236 1257 1297 1346 μί·-

197 1394 288 1438 σεσιν
311 1367 434 1451 ἐνοχος.

280 1481 335 1547 Ai.
360 1479 420 1543 421
444 1517 483 1528 -
505 1479 560 1568 καί
583 1478 704 1564 γίνεται
730 1478 879 1556 ἐπίτασις
906 1483 970 1559 ,τοῦ
998 1474 1146 1562 πάθους,
1170 1474 1296 1546 ὁπόταν
1311 1507 1345 1558 10

131 1578 134 1582 ⁵
196 1584 387 1666 δτοιοῦτος
420 1586 664 1675 διαφθείρηται.
697 1585 759 1654 ἐτι
792 1587 828 1654 δέ
858 1578 988 1670 αόξεται
1019 1584 1057 1654 τδ
1085 1582 1207 1667 Ιπάθος
1237 1582 1297 1671 οόγ

196 1692 252 1762 ὑπ’
273 1686 372 1761 άλλου
396 1691 578 1781 λεγόμενον,
603 1687 673 1760 ἄλλ’
700 1690 757 1760 ἐπ’
781 1687 893 1762 αότοῦ.

170 1794 173 1798 ’
279 1805 416 1894 Hippol.
440 1806 501 1870 666
524 1805 556 1868 τί
579 1805 605 1869 δ’
630 1794 871 1889 έστηΦαίδρατ
893 1805 972 1887 περὶ
992 1800 1050 1891 τήν
1070 1809 1128 1893 τῆς
1153 1806 1297 1893 Φαίδρας

196 1914 336 2008 άγωνίαν
368 1909 618 1999 καταγινόμενος
641 1908 658 1979 ό
679 1910 778 1998 χορός
800 1905 863 1979 οόκ
885 1909 1121 1980 ἐπαισθάνεται
1143 1918 1210 1981 τοῖν
1237 1920 1295 1981 τοῦ

194 2017 397 2089 Ἱππολύτου
419 2019 535 2107 λόγων,
558 2021 610 2086 καί
630 2024 728 2087 τοῦτο
751 2016 889 2098 εἰκότως
913 2013 1116 2110 φυλάξαντος
1137 2027 1196 2089 τοῦ
1219 2048 1296 2109 τρα-
1312 2055 1344 2107 15

196 2134 298 2217 γικοῦ.
340 2130 631 2216 περιπαθέστερον
650 2124 709 2215 γάρ
732 2129 819 2196 ἐστιν
841 2125 908 2195 δπδ
932 2131 1076 2216 Φαίδρας
1097 2127 1281 2217 λεγόμενον.

283 2241 354 2306 OT.
377 2239 480 2325 9319
512 2235 639 2317 πάντας
667 2230 767 2304 αόδαι
790 2278 830 2287 -
853 2230 947 2321 αόξει
978 2239 1013 2305 δέ
1041 2235 1059 2305 δ
1091 2237 1230 2330 ποιητής
1256 2237 1295 2307 τό

199 2341 348 2415 εόνοικδν
369 2336 457 2435 ήθος
479 2352 538 2415 τοῦ
553 2347 742 2432 Οἰδίποδος,
765 2344 859 2426 ὅπως
879 2340 1010 2432 αόξοιτο
1031 2348 1075 2425 Ιτά
1098 2354 1155 2438 τής
1175 2375 1296 2438 τραγῳ-

198 2458 277 2538 δίας,
299 2454 436 2543 ὕστερον
456 2456 565 2525 αἰτίου
583 2450 692 2524 ου’τοῦ
713 2462 780 2523 τῶν
800 2463 908 2524 κακῶν
929 2451 1196 2548 άναφεινομένου.

280 2569 324 2634 ib.
347 2569 408 2633 249
440 2561 565 2654 άγνοιῦν
594 2568 754 2653 ἐπαρᾶται
777 2564 881 2655 ἐαυτῴ
904 2566 933 2635 εί
954 2564 1083 2635 σύνοιδε
1103 2566 1161 2635 τόν
1183 2569 1295 2659 φονέα,
1309 2600 1345 2651 20

198 2672 249 2744 διδ
273 2678 328 2742 καί
349 2676 637 2763 περιπαθέστερος
660 2678 781 2763 γίνεται
803 2673 822 2743 ό
846 2673 951 2764 λόγος.

281 2782 488 2853 1111415οὶ
510 2791 656 2853 τοιοῦτοι
676 2785 807 2854 έπαινοι
829 2790 995 2874 περὶτῶν
1015 2787 1107 2855 ἰδίων
1127 2786 1295 2876 λεγόμενοι

198 2895 482 2982 περιπαθέστεροί
504 2893 595 2963 εἰσιν.

281 3005 404 3072 Electr.
429 3007 509 3071 1137
541 3001 600 3070 ὅλα
629 3003 664 3070 δέ
685 3002 871 3070 ἐπιτέταται
893 3009 940 3091 τῷ
965 3001 1072 3072 πάθει
1092 3003 1147 3072 διά
1171 3006 1209 3073 τό
1231 3033 1298 3073 πα-

199 3119 303 3200 ρεῖναι
331 3110 389 3180 τόν
409 3113 575 3201 Ὀρέστην·
609 3109 655 3191 τός
685 3114 738 3177 καί
758 3108 938 3199 Πηνελόπη
969 3111 1118 3199 παρόντα
1144 3106 1296 3182 Ὀδυσσέα
1308 3140 1343 3192 25

198 3229 318 3312 θρηνεῖ
338 3226 415 3310 παρ’
435 3220 573 3312 Ὁμήρῳ,
595 3223 628 3290 ἐν
650 3214 702 3302 οἷς
724 3222 806 3312 φησί
824 3221 962 3310 (1209)
982 3219 1048 3289 (ἐόν
1069 3215 1170 3310 άνδρα
1190 3221 1296 3312 παρή-

197 3327 316 3418 μενον’.

283 3443 353 3511 OC.
381 3444 458 3508 1181
495 3435 554 3526 οὐχ
584 3438 629 3522 οἷς
650 3435 710 3509 οόκ
742 3436 781 3507 άν
815 3441 1082 3528 πεισθησομένου
1114 3445 1162 3529 τῷ
1194 3446 1297 3529 Θησεῖ
1354 3465 1357 3471 ·

272 3663 302 3712 11
323 3657 338 3713 ὁ
359 3661 478 3720 τοιοῦτος
498 3659 601 3729 scripsi
620 3656 652 3728 τά
672 3659 776 3712 τοιοῦτο
795 3658 826 3710 L.
878 3638 881 3643 ’

272 3759 305 3809 17
322 3753 353 3810 τὸ
370 3752 494 3811 εόνοικόν
511 3747 580 3822 ἦθος
597 3755 620 3809 G
638 3753 669 3809 τὸ
688 3752 725 3814 ὠς
744 3750 869 3808 εὐνοικὸν
886 3744 911 3819 ἦ.
931 3753 961 3806 L.

270 3856 305 3906 20
322 3853 360 3908 ib.
379 3855 431 3906 236
450 3850 537 3906 πολὺν
556 3853 633 3906 ἔλεον
651 3846 789 3923 ἐργάζεται
815 3849 830 3904 ὁ
853 3846 942 3921 λόγος’
970 3845 1012 3929 ὅτι.
1038 3856 1183 3921 κατηγορεῖ
1200 3849 1296 3903 ἑαυτοῦ

197 3947 315 4020 ἀγνοῶν.
341 3944 475 4021 πρότερον
492 3950 523 4002 δὲ
542 3947 575 4004 τά
594 3944 782 4022 φιλάνθρωπα
806 3945 917 4019 εἰρηκὼς
941 3950 1077 4001 τελευταῖα
1104 3940 1238 4015 ἐπήνεγκε
1262 3943 1295 3999 τὰ

199 4041 373 4118 σκληρότερα.
808 4107 814 4123 ἱ

270 4147 305 4198 24
324 4142 411 4198 schol.
422 4143 470 4197 BL
488 4148 515 4196 A
528 4145 579 4198 177
598 4139 667 4198 ὅσον
691 4141 739 4215 ἐφ’
758 4142 845 4213 ἑαυτῷ
866 4149 980 4214 βαρεῖαν
1002 4140 1051 4210 τήν
1073 4139 1166 4214 ταφὴν
1189 4143 1227 4211 τῷ
1251 4159 1296 4196 νε-

199 4243 255 4312 κρῷ
272 4248 354 4312 ποιεῖ,
372 4237 407 4308 ἣν
424 4235 524 4300 πάντες
540 4234 649 4313 κούφην
667 4239 771 4298 ἑαυτοῖς
788 4233 932 4310 εὐχόμεθα
952 4239 1028 4293 εἶναι.
1063 4243 1243 4309 παρατέταται
1262 4239 1294 4292 δὲ

200 4338 230 4394 τὸ
248 4335 347 4404 πάθος,
369 4339 414 4391 ἐπὶ
437 4340 511 4401 ζῶντι
533 4342 576 4391 καὶ
596 4331 709 4408 παρόντι
730 4339 890 4409 λεγομένων
907 4337 962 4390 τῶν
980 4331 1115 4390 τοιούτοιν.
