3000 5176
726 332 767 396 25

282 515 439 581 Brevibus
455 516 505 580 his
522 515 650 581 iudiciis
666 537 703 579 ea
718 537 847 600 quoque
860 516 1098 580 annumeranda
1116 525 1200 598 siant,
1215 538 1297 603 quae

197 626 237 688 de
262 625 301 691 iis
322 625 438 691 fabulis
456 626 528 691 tulit
551 626 802 714 Aristophanes,
826 649 963 711 quarum
979 636 1150 690 eventusa
1173 626 1297 712 tragica

196 734 368 799 severitate
392 735 518 799 alienus
554 757 624 799 esse
649 734 825 800 videretur.
873 736 963 800 >haec
986 757 1052 799 non
1074 736 1181 799 minus
1205 746 1293 801 certa

114 895 116 898 ,
197 842 336 907 formula
358 844 457 908 fuisse
484 844 623 925 astricta,
658 867 754 928 quam
786 867 867 928 quae
895 844 990 908 modo
1011 843 1231 931 apposuimus,
1255 865 1298 908 ex

197 952 324 1017 duobus
363 975 444 1039 quae
477 964 605 1017 serrata
639 963 713 1017 sunt
747 954 907 1040 exemplis
941 953 1017 1017 licet
1055 953 1229 1037 colligere,
1262 954 1295 1017 in
1366 978 1374 1047 ἰ

195 1083 321 1146 argum.
347 1062 405 1128 Or.
428 1063 507 1146 (Vl)
531 1058 569 1126 τὸ
591 1061 626 1127 δὲ
646 1064 753 1147 δρᾶμα
772 1061 1003 1147 κωμικωτέραν
1028 1059 1092 1143 ἔχει
1117 1058 1178 1148 τήν
1199 1072 1297 1126 κατα-
1371 1050 1374 1121 ἶ

195 1166 352 1258 στροφήν,
381 1182 412 1235 et
444 1171 478 1237 in
513 1195 580 1258 arg.
608 1173 734 1236 Alcest.
759 1171 839 1256 (IX)
862 1167 900 1236 ari
924 1171 959 1236 ds*
981 1172 1088 1256 δρᾶμα
1109 1171 1293 1254 κιομικωτέ-
1369 1228 1372 1237 .

195 1303 254 1362 ραν
277 1276 344 1360 ἔχει
375 1279 433 1367 τὴν
453 1276 689 1369 καταστροφήν.
725 1291 756 1344 at
779 1280 892 1344 brevia
916 1281 995 1344 hacc
1019 1280 1139 1343 iudicia
1162 1303 1225 1344 non
1249 1280 1290 1343 ab

195 1389 266 1477 ipso
291 1389 512 1476 Aristophane
548 1400 614 1454 tam
643 1390 740 1454 arctis
761 1390 880 1454 finibus
911 1389 1157 1476 circumscripta
1180 1389 1296 1472 fuisse,

200 1521 296 1585 quam
314 1498 430 1583 quibus
446 1520 534 1562 nunc
551 1520 587 1562 ea
601 1498 750 1563 videmus
767 1498 918 1580 cocarcita,
934 1498 1028 1563 huius
1043 1498 1089 1562 rei
1104 1499 1297 1563 documento

196 1617 245 1671 est
267 1607 497 1690 argumentum
521 1607 775 1672 Andromachae
801 1607 879 1690 (X),
911 1606 996 1691 quod
1021 1630 1119 1693 supra
1143 1608 1297 1673 enrcnda-

197 1715 267 1798 tius,
290 1737 385 1800 quam
408 1715 513 1779 adhuc
539 1716 710 1780 ferebatur
732 1715 877 1780 exhibui.
924 1739 996 1780 nam
1022 1727 1056 1780 ut
1079 1719 1119 1781 ab
1143 1716 1294 1782 omnibus

197 1823 376 1890 editoribus
400 1825 471 1888 siue
493 1825 570 1908 ulla,
593 1823 779 1902 utvidctur,
805 1825 1022 1910 corruptelae,
1044 1825 1095 1888 cui
1115 1827 1293 1892 obnoxium

197 1943 254 2017 est,
279 1934 458 2022 suspitione
494 1933 618 1999 editum
646 1944 694 1998 est
718 1934 972 2019 Aristophanem
1007 1935 1125 2000 mirum
1146 1937 1239 2001 nobis
1263 1948 1296 2002 et

196 2062 309 2131 parum
329 2044 526 2130 prudentem
544 2042 682 2107 iudicem
701 2042 861 2124 declarat3
885 2043 1011 2127 mirum,
1035 2044 1187 2127 quoniam
1202 2045 1296 2109 fabu-

196 2152 270 2234 lam,
295 2153 387 2217 euius
411 2174 524 2216 omnes
558 2152 628 2215 fere
663 2161 771 2236 partes
792 2173 857 2214 non
881 2151 1038 2216 mediocri
1073 2153 1168 2216 effert
1187 2153 1294 2237 laude,

196 2262 329 2326 secundi
359 2260 482 2326 ordinis
505 2283 577 2326 esse
601 2259 732 2342 iudicat,
762 2281 877 2347 parum
907 2259 1116 2344 prudentem,
1139 2263 1292 2346 quoniam

196 2393 330 2436 scaenas
364 2369 539 2446 nonnullas
569 2369 722 2433 dramatis
750 2367 939 2456 praedicat,
974 2393 1051 2454 quas
1090 2371 1141 2434 vel
1173 2394 1290 2437 caecus

198 2481 327 2566 quidam
375 2480 453 2544 artis
487 2479 684 2566 Euripideae
717 2490 840 2543 amator
872 2479 926 2543 vix
962 2479 1147 2543 tolerabiles
1179 2479 1295 2544 habeat

196 2580 317 2654 nedum
347 2587 526 2675 praedicet.
580 2589 768 2675 exemplum
790 2591 924 2674 praebet
948 2588 1146 2653 Hermionae
1173 2591 1288 2671 oratio,

200 2701 240 2765 de
272 2721 336 2784 qraa
370 2699 626 2786 Aristophanes:
664 2700 756 2780 ρῆσις
787 2694 824 2762 ari
854 2693 1022 2780 βασιλικὸν
1055 2695 1292 2788 ὑοοφαίνοασα.

198 2809 247 2874 bis
265 2809 452 2893 longiorem
478 2809 594 2872 recitat
618 2828 801 2871 sermonem
825 2806 1004 2872 Hermiona
1037 2807 1176 2872 alterum
1200 2808 1292 2873 initio

196 2918 325 2983 fabulae
347 2919 503 2983 adversus
518 2916 781 2982 Andromacham
806 2918 851 2999 (v.
865 2916 922 2979 147
934 2940 1004 3002 sqq.
1029 2917 1126 2995 Nek.)
1151 2920 1289 2983 alterum

197 3025 230 3091 in
253 3027 318 3090 fiae
341 3025 569 3112 (veaosqqt.
623 3047 759 3110 quorum
789 3025 933 3111 priorem
954 3048 1028 3088 cnm
1053 3026 1292 3113 Aristophanes

198 3145 430 3200 commemoret
456 3135 564 3198 verbis
587 3128 605 3197 ὁ
626 3128 711 3217 πρὸς
740 3124 960 3218 Ἀνδρομάχην
992 3127 1086 3218 λόγος
1117 3126 1155 3199 mi
1186 3139 1293 3214 κακῶς

197 3239 280 3326 ἔχων
302 3253 448 3333 apparet,
472 3244 528 3307 illo
550 3241 671 3306 iudicio
699 3263 771 3305 eum
801 3242 841 3306 ad
867 3242 1082 3329 posteriorem
1113 3255 1290 3332 spectasse.

196 3354 227 3419 iu
250 3377 314 3440 quo
338 3355 364 3418 si
387 3353 515 3437 regium
539 3375 663 3416 morem
688 3352 923 3436 ingeniumque
948 3352 1148 3436 quaesiveris
1171 3354 1290 3420 eximie

196 3463 259 3529 eris
292 3463 402 3528 falsus.
464 3462 644 3526 Hermiona
677 3460 943 3541 Andromacham
983 3462 1154 3545 aemulam,
1197 3488 1291 3550 quam

198 3571 296 3636 Troia
319 3594 432 3638 seeum
456 3570 597 3636 drrxcrat
612 3570 850 3658 Neoptolemus
868 3570 1095 3653 concubinam,
1116 3572 1157 3635 de
1184 3573 1291 3638 medio

196 3680 314 3746 tollere
349 3691 464 3747 conata
495 3680 665 3765 quominus
697 3691 866 3768 perpetret
898 3683 1025 3747 facinus
1053 3683 1292 3751 interveniente

197 3791 297 3856 Peleo
320 3791 507 3877 impeditur.
551 3791 675 3854 iamab
699 3792 779 3855 irato
804 3793 930 3874 marito,
953 3793 1007 3877 qai
1030 3794 1098 3881 ipsa
1111 3795 1292 3860 Hermiona

197 3909 278 3966 teste
306 3901 572 3966 Andromacham
596 3902 700 3985 magis
722 3898 947 3984 adamaverat,
978 3925 1072 3987 quam
1110 3902 1292 3988 legitimam

197 4032 346 4094 uxorem,
370 4011 488 4074 iustam
504 4019 681 4098 expectans
706 4034 843 4098 poenam
861 4012 892 4076 in
916 4011 1062 4076 oratione
1085 4013 1141 4076 illa
1163 4035 1291 4077 omnem

195 4140 352 4204 angorem
376 4143 469 4184 suum
498 4130 686 4204 metumque
711 4119 819 4186 Oresti
854 4131 887 4184 et
911 4121 1010 4186 choro
1035 4121 1191 4208 patefacit
1209 4117 1291 4186 ‘iure

163 4249 168 4259 ·
196 4250 247 4292 me
280 4228 398 4314 perdet
420 4227 674 4318 Neoptolemus!
706 4229 783 4315 quid
805 4231 920 4314 habeo,
950 4253 1013 4316 quo
1038 4253 1087 4294 me
1110 4232 1290 4296 excusem?

195 4336 287 4402 mitte
310 4360 373 4424 me,
395 4338 580 4428 oJuppiter
597 4339 757 4424 gentilici,
780 4339 949 4405 interram
965 4339 1210 4406 remotissimam
1235 4349 1289 4405 aut
