3000 5176
651 271 690 335 49

122 459 359 526 servationibus
385 482 426 525 ex
450 461 653 546 argumentis
676 461 769 526 nobis
792 461 876 527 notis
900 485 963 543 res,
987 463 1025 527 ad
1050 484 1128 546 quas
1151 461 1216 527 ani-

123 591 209 633 mum
232 569 417 634 attenderet
436 569 492 633 illc
509 569 542 633 in
560 569 756 656 explicanda
767 570 1034 656 aestimandaque
1047 580 1218 658 poetarum

123 677 321 761 tragicorum
341 687 420 742 arte.

221 785 277 851 Ad
301 781 467 874 Euripidis
490 786 664 873 Hippolyti
687 788 792 850 ν.172
819 787 898 853 haee
920 798 1054 852 annotat
1080 788 1217 853 scholia-

121 900 192 961 sta:¹
203 891 297 982 τήνδε
317 895 497 979 κομίζουσι
508 899 606 960 τοῦτο
619 896 837 982 σεσημείωται
853 900 905 982 τῷ
919 889 998 982 Ἀρι
1009 892 1221 984 στοφάνει,

123 998 173 1069 δτι
195 1004 301 1070 καίτοι
323 1008 370 1090 τῷ
393 1000 608 1090 ἐκκοκληματι
629 999 796 1090 χρώμενος
818 1001 856 1070 asi
880 1005 1094 1089 ἐκκομίζοοσα
1116 1030 1221 1091 προσ-
1311 994 1314 999 ’

55 1160 59 1165 ·
122 1113 223 1200 έθηκε
246 1117 421 1198 περισσῶς.
451 1115 533 1179 alter
555 1115 730 1180 scholiasta
754 1117 891 1180 eandem
915 1115 1143 1204 Aristophanis
1166 1139 1223 1181 no-

124 1234 187 1287 tam
210 1222 259 1287 sio
279 1223 529 1308 interpretatur:
550 1227 648 1287 τοῦτο
673 1222 893 1310 σεσημεῖωκεν
912 1221 1221 1312 Ἀριστοφάνης,

123 1327 171 1397 ὅτι
192 1327 331 1397 needed
357 1324 490 1417 α’κριβές
511 1329 549 1396 τδ
564 1329 705 1418 ἔγκλημα
719 1329 872 1398 τοιοῦτόν
894 1333 962 1400 ἐστι
984 1337 1024 1424 τῇ
1046 1331 1222 1400 ὑποθέσει.

123 1441 178 1506 ἐπὶ
203 1438 265 1526 γαρ
285 1445 342 1528 τῆς
363 1444 483 1527 σκηνῆς
507 1441 667 1506 δείκνυται
689 1439 729 1506 τὰ
763 1439 857 1508 ἔνδον
885 1439 1104 1528 πραττόμενα,
1138 1439 1156 1508 δ
1187 1445 1222 1509 δὲ·

124 1547 188 1631 ἐξω
211 1553 394 1635 προϊοῦσαν
414 1541 513 1636 αδτην
535 1545 745 1616 ὑποτίθεται.
769 1552 959 1639 posterioris
983 1553 1099 1618 scholii
1121 1555 1221 1619 verba

122 1672 159 1724 ut
181 1683 268 1726 nunc
290 1661 455 1743 leguntur,
476 1660 536 1724 nisi
555 1660 682 1724 medela
705 1660 848 1724 adhibita
869 1662 1018 1748 intellegi
1042 1673 1220 1747 nequeunt.

124 1791 241 1835 scaena
263 1769 439 1857 Hippolyti
464 1792 502 1834 ea
525 1780 582 1851 est,
607 1770 660 1834 ubi
684 1782 858 1854 aegrotans
881 1770 1029 1835 Phaedra
1054 1772 1140 1836 lecto
1166 1772 1223 1836 im·

125 1879 226 1963 posita
253 1903 272 1942 a
291 1879 418 1944 nutrice
439 1901 482 1945 ex
497 1879 632 1944 aedibus
656 1879 812 1943 educitur.
836 1879 954 1967 prioris
973 1880 1088 1944 scholii
1110 1903 1223 1946 sensus

33 2031 35 2035 -
125 1988 315 2076 perspicuus
340 1999 398 2054 est.
425 1988 548 2052 notavit
562 1988 802 2076 Aristophanes
825 1989 916 2053 chori
940 2010 1055 2055 versus
1081 1992 1140 2054 170
1156 2014 1221 2077 sq.:

323 2089 392 2163 ἄλλ’
418 2093 475 2185 ἥδε
500 2094 625 2185 τροφὸς
647 2094 759 2183 γεραιὰ
778 2094 845 2182 πρδ
868 2102 983 2183 θορών

322 2203 416 2295 τήνδε
439 2206 603 2291 κομι’ζοτ·σ’
631 2204 694 2290 ἔξω
716 2202 903 2291 μελάθρων,

126 2318 213 2402 quod
238 2320 456 2404 eecyelemate
477 2342 555 2383 usus
584 2328 682 2406 poeta
712 2317 918 2383 abundanter
946 2319 1143 2403 (περισσῶς)
1168 2320 1223 2384 ad·

128 2425 271 2508 didisset,
296 2426 388 2491 educi
410 2425 778 2491 anutrieoPhaedram.
803 2426 857 2511 qui
882 2426 1075 2492 novissimus
1097 2427 1222 2515 dehoc

128 2534 251 2598 scholio
278 2533 453 2622 disputavit
475 2535 677 2603 Schraderus
709 2534 741 2598 in
766 2534 1042 2599 commentatione
1063 2534 1126 2598 iam
1154 2536 1223 2600 lau·

127 2644 200 2708 data
224 2645 263 2708 de
285 2646 452 2707 notatione
474 2647 590 2708 critica
614 2654 677 2711 eto.
710 2669 741 2732 p.
755 2645 796 2708 47
819 2645 903 2709 hanc
925 2644 1061 2730 protulit
1081 2644 1150 2716 loci
1168 2667 1223 2708 ex·

126 2752 359 2840 plicationcm:
384 2755 582 2839 uetaperaeit
614 2753 694 2832 (scil.
731 2752 986 2840 Aristophanes)
1024 2752 1223 2839 Euripidem,

128 2864 215 2952 qaod
238 2863 265 2926 h.
284 2864 304 2930 l.
326 2863 536 2949 eccyelemate
560 2886 621 2926 non
647 2888 684 2926 ea
708 2865 837 2926 ratione
861 2886 936 2926 usas
959 2877 1015 2946 eat,
1038 2876 1074 2926 at
1096 2864 1225 2951 aliquid

129 2973 215 3062 qaod
236 2975 270 3036 νἰτ
292 2976 451 3037 interiore
471 2987 568 3059 parte
590 2973 720 3037 aedium
733 2974 776 3057 fit
797 2973 1037 3058 spectatoribus
1067 2986 1224 3037 monstra-

127 3097 186 3163 ret,
220 3083 278 3146 secl
308 3084 449 3170 aliquem
482 3085 516 3146 ι’νι
550 3105 699 3146 scaenam
733 3081 950 3166 epredt‘entem
981 3106 1017 3147 eo
1045 3083 1225 3166 induceret,

129 3195 191 3256 elsi
210 3192 359 3256 οιαοδιῗαο
380 3195 510 3254 minime
532 3215 620 3277 opas,
642 3197 689 3255 e'ta
709 3189 971 3274 ωιτομίζοοσαο.
986 3191 1047 3256 172
1069 3192 1225 3256 collatum

128 3324 197 3365 cum
222 3325 249 3365 e.
266 3299 327 3366 180
345 3324 391 3388 sq.
413 3300 509 3383 δεῦρο
530 3296 589 3385 γὰρ
613 3299 725 3366 ἐλθεῖν
742 3303 809 3363 πᾶν
833 3295 916 3376 ἔπος
936 3286 974 3387 ἦν
995 3320 1064 3365 σοι·
1092 3295 1172 3381 τάχα
1194 3300 1221 3365 δ’

128 3407 176 3488 εἷς
196 3406 369 3493 θαλάμους
399 3405 555 3488 σπεύσεις
578 3404 616 3474 τδ
648 3405 746 3474 πάλιν
777 3433 855 3472 sane
888 3409 1049 3472 adiectam
1076 3409 1225 3472 videatne·

128 3520 304 3603 περισσοῖς.
350 3519 376 3582 si
401 3517 477 3603 qnid
505 3518 599 3582 video
624 3518 827 3585 Schraderus
851 3517 970 3597 statuit,
995 3516 1081 3580 inter
1105 3539 1139 3582 se
1164 3541 1225 3604 pu-

128 3651 230 3712 gnare
255 3629 410 3692 voeabula
430 3627 608 3711 κομίζουσα
631 3637 663 3692 et
686 3625 799 3691 ἐλθεῖν
822 3635 854 3689 ot
875 3620 1040 3706 σπεύσεις,
1064 3649 1126 3690 non
1145 3649 1225 3714 opus

129 3759 199 3800 esso
223 3735 382 3818 machina,
406 3758 470 3798 non
495 3757 575 3820 opus
599 3757 680 3818 osse,
703 3743 737 3798 ut
756 3757 798 3801 ex
813 3735 947 3798 aedibus
962 3733 1222 3821 porteturl‘hac-

129 3847 197 3930 dra,
222 3845 343 3932 quippe
367 3866 450 3929 quae
475 3844 594 3908 exierit
613 3845 722 3927 (δεῦρο
749 3840 806 3929 γὰρ
828 3842 964 3919 ἐλθεῖν).
986 3854 1020 3907 at
1037 3866 1102 3907 non
1118 3864 1226 3926 egres—

129 3979 195 4019 sam
220 3977 291 4020 esse
310 3955 504 4038 Phaedram,
529 3955 587 4019 sed
610 3955 694 4018 lecto
715 3953 896 4040 impositam
921 3976 962 4018 ex
984 3951 1121 4016 aedibus
1146 3952 1223 4016 edn-

130 4075 212 4128 etam
235 4074 396 4128 testantur
420 4064 554 4127 nutricis
571 4063 671 4127 verba
687 4086 717 4126 v.
732 4062 790 4125 179
814 4057 877 4143 ἔξω
900 4061 935 4126 δὲ
957 4055 1069 4143 δόμων
1091 4051 1150 4146 ἤδη
1173 4086 1226 4126 νο-

129 4174 229 4256 σεροῖς
251 4171 364 4255 δέμνια
385 4169 496 4249 κοίτας
517 4182 550 4235 et
566 4169 736 4236 Phaedrae
760 4170 861 4256 ipsius
884 4169 998 4251 oratio,
1025 4191 1105 4253 «puae
1125 4193 1153 4235 u,
1170 4169 1226 4232 198

129 4280 244 4368 incipit
276 4303 294 4342 a
322 4279 431 4343 verbis
461 4272 569 4361 αῖρετέ·
596 4302 660 4361 μοι·
682 4275 791 4360 δέμας,
821 4268 965 4364 δρθοέτε
987 4271 1078 4361 κάρα.
1125 4299 1223 4361 quare

1022 4389 1039 4438 l
