<?xml version="1.0" encoding="UTF-8"?>
<!DOCTYPE html PUBLIC "-//W3C//DTD XHTML 1.0 Transitional//EN"
    "http://www.w3.org/TR/xhtml1/DTD/xhtml1-transitional.dtd">
<html xmlns="http://www.w3.org/1999/xhtml" xml:lang="en" lang="en">
 <head>
  <title>
</title>
<meta http-equiv="Content-Type" content="text/html;charset=utf-8" />
  <meta name='ocr-system' content='tesseract 3.04.00' />
  <meta name='ocr-capabilities' content='ocr_page ocr_carea ocr_par ocr_line ocrx_word'/>
</head>
<body>
  <div class='ocr_page' id='page_1' title='image "./grammaticorvmgr00trengoog_0065.png"; bbox 0 0 3000 5176; ppageno 0'>
   <div class='ocr_carea' id='block_1_1' title="bbox 826 1152 869 1218">
    <p class='ocr_par' dir='ltr' id='par_1_1' title="bbox 826 1152 869 1218">
     <span class='ocr_line' id='line_1_1' title="bbox 826 1152 869 1218; baseline 0 0"><span class='ocrx_word' id='word_1_1' title='bbox 826 1152 869 1218; x_wconf 95' lang='lat' dir='ltr'>II</span> 
     </span>
    </p>
   </div>
   <div class='ocr_carea' id='block_1_2' title="bbox 289 1368 1387 2637">
    <p class='ocr_par' dir='ltr' id='par_1_2' title="bbox 289 1368 1387 2526">
     <span class='ocr_line' id='line_1_2' title="bbox 390 1368 1387 1457; baseline -0.005 -23"><span class='ocrx_word' id='word_1_2' title='bbox 390 1371 565 1453; x_wconf 84' lang='lat' dir='ltr'>Postquam</span> <span class='ocrx_word' id='word_1_3' title='bbox 590 1391 686 1457; x_wconf 88' lang='lat' dir='ltr'>supra</span> <span class='ocrx_word' id='word_1_4' title='bbox 712 1369 859 1455; x_wconf 76' lang='lat' dir='ltr'>exposui,</span> <span class='ocrx_word' id='word_1_5' title='bbox 884 1368 1115 1456; x_wconf 82' lang='lat' dir='ltr'>Aristophanis</span> <span class='ocrx_word' id='word_1_6' title='bbox 1129 1368 1280 1456; x_wconf 84' lang='lat' dir='ltr'>Byzantii</span> <span class='ocrx_word' id='word_1_7' title='bbox 1294 1368 1387 1433; x_wconf 87' lang='lat' dir='ltr'>disci-</span> 
     </span>
     <span class='ocr_line' id='line_1_3' title="bbox 293 1477 1386 1567; baseline -0.002 -25"><span class='ocrx_word' id='word_1_8' title='bbox 293 1480 413 1567; x_wconf 86' lang='lat' dir='ltr'>plinam</span> <span class='ocrx_word' id='word_1_9' title='bbox 445 1501 511 1544; x_wconf 91' lang='lat' dir='ltr'>non</span> <span class='ocrx_word' id='word_1_10' title='bbox 543 1480 612 1566; x_wconf 91' lang='lat' dir='ltr'>ipsa</span> <span class='ocrx_word' id='word_1_11' title='bbox 645 1481 744 1543; x_wconf 80' lang='lat' dir='ltr'>verba</span> <span class='ocrx_word' id='word_1_12' title='bbox 777 1479 808 1542; x_wconf 95' lang='lat' dir='ltr'>in</span> <span class='ocrx_word' id='word_1_13' title='bbox 839 1478 972 1543; x_wconf 84' lang='lat' dir='ltr'>scholiis</span> <span class='ocrx_word' id='word_1_14' title='bbox 995 1478 1211 1564; x_wconf 76' lang='lat' dir='ltr'><strong>deprehendi,</strong></span> <span class='ocrx_word' id='word_1_15' title='bbox 1242 1499 1324 1564; x_wconf 90' lang='lat' dir='ltr'>quac</span> <span class='ocrx_word' id='word_1_16' title='bbox 1347 1477 1386 1542; x_wconf 90' lang='lat' dir='ltr'>ad</span> 
     </span>
     <span class='ocr_line' id='line_1_4' title="bbox 289 1586 1386 1674; baseline -0.001 -24"><span class='ocrx_word' id='word_1_17' title='bbox 289 1599 392 1651; x_wconf 83' lang='lat' dir='ltr'>artem</span> <span class='ocrx_word' id='word_1_18' title='bbox 410 1599 578 1674; x_wconf 86' lang='lat' dir='ltr'>poetarum</span> <span class='ocrx_word' id='word_1_19' title='bbox 594 1587 792 1672; x_wconf 78' lang='lat' dir='ltr'>tragicorum</span> <span class='ocrx_word' id='word_1_20' title='bbox 816 1586 1050 1652; x_wconf 83' lang='lat' dir='ltr'>aestimandam</span> <span class='ocrx_word' id='word_1_21' title='bbox 1074 1597 1232 1672; x_wconf 87' lang='lat' dir='ltr'>spectent,</span> <span class='ocrx_word' id='word_1_22' title='bbox 1256 1587 1318 1651; x_wconf 90' lang='lat' dir='ltr'>iam</span> <span class='ocrx_word' id='word_1_23' title='bbox 1339 1588 1386 1651; x_wconf 94' lang='lat' dir='ltr'>nl-</span> 
     </span>
     <span class='ocr_line' id='line_1_5' title="bbox 291 1695 1385 1788; baseline 0 -29"><span class='ocrx_word' id='word_1_24' title='bbox 291 1708 340 1759; x_wconf 90' lang='lat' dir='ltr'>tro</span> <span class='ocrx_word' id='word_1_25' title='bbox 366 1718 400 1759; x_wconf 89' lang='lat' dir='ltr'>se</span> <span class='ocrx_word' id='word_1_26' title='bbox 425 1696 521 1761; x_wconf 85' lang='lat' dir='ltr'>offert</span> <span class='ocrx_word' id='word_1_27' title='bbox 545 1695 700 1781; x_wconf 81' lang='lat' dir='ltr'>quaestio,</span> <span class='ocrx_word' id='word_1_28' title='bbox 733 1696 804 1779; x_wconf 89' lang='lat' dir='ltr'>quis</span> <span class='ocrx_word' id='word_1_29' title='bbox 829 1697 928 1760; x_wconf 86' lang='lat' dir='ltr'>fuerit</span> <span class='ocrx_word' id='word_1_30' title='bbox 953 1717 993 1788; x_wconf 83' lang='lat' dir='ltr'>cx</span> <span class='ocrx_word' id='word_1_31' title='bbox 1017 1696 1182 1760; x_wconf 87' lang='lat' dir='ltr'>veteribus</span> <span class='ocrx_word' id='word_1_32' title='bbox 1202 1697 1385 1760; x_wconf 86' lang='lat' dir='ltr'>fabularum</span> 
     </span>
     <span class='ocr_line' id='line_1_6' title="bbox 290 1804 1387 1894; baseline 0.002 -26"><span class='ocrx_word' id='word_1_33' title='bbox 290 1806 535 1890; x_wconf 81' lang='lat' dir='ltr'>interpretibus,</span> <span class='ocrx_word' id='word_1_34' title='bbox 559 1805 610 1868; x_wconf 87' lang='lat' dir='ltr'>cui</span> <span class='ocrx_word' id='word_1_35' title='bbox 638 1827 696 1868; x_wconf 89' lang='lat' dir='ltr'>nos</span> <span class='ocrx_word' id='word_1_36' title='bbox 721 1805 908 1869; x_wconf 87' lang='lat' dir='ltr'>memoriam</span> <span class='ocrx_word' id='word_1_37' title='bbox 932 1804 1089 1870; x_wconf 89' lang='lat' dir='ltr'>debemus</span> <span class='ocrx_word' id='word_1_38' title='bbox 1105 1805 1387 1894; x_wconf 83' lang='lat' dir='ltr'>disciplinaoAri-</span> 
     </span>
     <span class='ocr_line' id='line_1_7' title="bbox 291 1913 1386 2002; baseline -0.001 -23"><span class='ocrx_word' id='word_1_39' title='bbox 291 1914 499 2000; x_wconf 86' lang='lat' dir='ltr'>stophaneae,</span> <span class='ocrx_word' id='word_1_40' title='bbox 525 1915 577 1977; x_wconf 87' lang='lat' dir='ltr'>vel</span> <span class='ocrx_word' id='word_1_41' title='bbox 600 1914 672 1999; x_wconf 90' lang='lat' dir='ltr'>quis</span> <span class='ocrx_word' id='word_1_42' title='bbox 691 1913 724 1977; x_wconf 93' lang='lat' dir='ltr'>in</span> <span class='ocrx_word' id='word_1_43' title='bbox 747 1914 808 1978; x_wconf 88' lang='lat' dir='ltr'>hac</span> <span class='ocrx_word' id='word_1_44' title='bbox 831 1914 956 1978; x_wconf 85' lang='lat' dir='ltr'>fabulas</span> <span class='ocrx_word' id='word_1_45' title='bbox 978 1913 1169 2002; x_wconf 84' lang='lat' dir='ltr'>explicandi</span> <span class='ocrx_word' id='word_1_46' title='bbox 1193 1915 1245 1977; x_wconf 84' lang='lat' dir='ltr'>ria</span> <span class='ocrx_word' id='word_1_47' title='bbox 1261 1914 1386 1978; x_wconf 83' lang='lat' dir='ltr'>Aristo-</span> 
     </span>
     <span class='ocr_line' id='line_1_8' title="bbox 291 2023 1386 2111; baseline 0.002 -25"><span class='ocrx_word' id='word_1_48' title='bbox 291 2023 404 2110; x_wconf 86' lang='lat' dir='ltr'>phanis</span> <span class='ocrx_word' id='word_1_49' title='bbox 427 2023 569 2108; x_wconf 78' lang='lat' dir='ltr'>vestigia</span> <span class='ocrx_word' id='word_1_50' title='bbox 592 2023 757 2111; x_wconf 89' lang='lat' dir='ltr'>presserit.</span> <span class='ocrx_word' id='word_1_51' title='bbox 781 2023 821 2088; x_wconf 82' lang='lat' dir='ltr'>ad</span> <span class='ocrx_word' id='word_1_52' title='bbox 846 2024 930 2087; x_wconf 89' lang='lat' dir='ltr'>hauc</span> <span class='ocrx_word' id='word_1_53' title='bbox 951 2024 1173 2110; x_wconf 88' lang='lat' dir='ltr'>quaestionem</span> <span class='ocrx_word' id='word_1_54' title='bbox 1197 2024 1386 2088; x_wconf 85' lang='lat' dir='ltr'>solvendam</span> 
     </span>
     <span class='ocr_line' id='line_1_9' title="bbox 291 2133 1386 2218; baseline 0.001 -21"><span class='ocrx_word' id='word_1_55' title='bbox 291 2155 424 2198; x_wconf 85' lang='lat' dir='ltr'>necesso</span> <span class='ocrx_word' id='word_1_56' title='bbox 461 2142 510 2199; x_wconf 91' lang='lat' dir='ltr'>est</span> <span class='ocrx_word' id='word_1_57' title='bbox 540 2133 771 2218; x_wconf 87' lang='lat' dir='ltr'>conquiramus</span> <span class='ocrx_word' id='word_1_58' title='bbox 801 2156 842 2197; x_wconf 86' lang='lat' dir='ltr'>ex</span> <span class='ocrx_word' id='word_1_59' title='bbox 877 2133 1009 2198; x_wconf 81' lang='lat' dir='ltr'>scholiis</span> <span class='ocrx_word' id='word_1_60' title='bbox 1042 2157 1095 2199; x_wconf 87' lang='lat' dir='ltr'>eas</span> <span class='ocrx_word' id='word_1_61' title='bbox 1127 2134 1386 2216; x_wconf 80' lang='lat' dir='ltr'>observationes,</span> 
     </span>
     <span class='ocr_line' id='line_1_10' title="bbox 293 2241 1383 2328; baseline -0.002 -20"><span class='ocrx_word' id='word_1_62' title='bbox 293 2265 374 2326; x_wconf 85' lang='lat' dir='ltr'>quae</span> <span class='ocrx_word' id='word_1_63' title='bbox 405 2253 493 2307; x_wconf 89' lang='lat' dir='ltr'>certo</span> <span class='ocrx_word' id='word_1_64' title='bbox 524 2241 651 2308; x_wconf 90' lang='lat' dir='ltr'>cuidam</span> <span class='ocrx_word' id='word_1_65' title='bbox 675 2243 797 2308; x_wconf 89' lang='lat' dir='ltr'>auctori</span> <span class='ocrx_word' id='word_1_66' title='bbox 825 2242 894 2308; x_wconf 87' lang='lat' dir='ltr'>sire</span> <span class='ocrx_word' id='word_1_67' title='bbox 925 2243 1084 2328; x_wconf 83' lang='lat' dir='ltr'>ascriptae</span> <span class='ocrx_word' id='word_1_68' title='bbox 1114 2243 1182 2307; x_wconf 88' lang='lat' dir='ltr'>sire</span> <span class='ocrx_word' id='word_1_69' title='bbox 1218 2242 1314 2308; x_wconf 91' lang='lat' dir='ltr'>certis</span> <span class='ocrx_word' id='word_1_70' title='bbox 1343 2243 1383 2306; x_wconf 90' lang='lat' dir='ltr'>de</span> 
     </span>
     <span class='ocr_line' id='line_1_11' title="bbox 294 2351 1383 2441; baseline 0.001 -26"><span class='ocrx_word' id='word_1_71' title='bbox 294 2351 395 2415; x_wconf 87' lang='lat' dir='ltr'>causis</span> <span class='ocrx_word' id='word_1_72' title='bbox 418 2351 632 2416; x_wconf 86' lang='lat' dir='ltr'>ascribendae</span> <span class='ocrx_word' id='word_1_73' title='bbox 655 2352 917 2439; x_wconf 85' lang='lat' dir='ltr'>Aristophaneae</span> <span class='ocrx_word' id='word_1_74' title='bbox 942 2352 1135 2439; x_wconf 88' lang='lat' dir='ltr'>disciplinae</span> <span class='ocrx_word' id='word_1_75' title='bbox 1165 2375 1242 2441; x_wconf 89' lang='lat' dir='ltr'>prae</span> <span class='ocrx_word' id='word_1_76' title='bbox 1276 2374 1309 2416; x_wconf 88' lang='lat' dir='ltr'>sc</span> <span class='ocrx_word' id='word_1_77' title='bbox 1339 2354 1383 2416; x_wconf 87' lang='lat' dir='ltr'>f-</span> 
     </span>
     <span class='ocr_line' id='line_1_12' title="bbox 292 2461 539 2526; baseline -0.008 -1"><span class='ocrx_word' id='word_1_78' title='bbox 292 2473 364 2526; x_wconf 87' lang='lat' dir='ltr'>rant</span> <span class='ocrx_word' id='word_1_79' title='bbox 387 2461 539 2525; x_wconf 86' lang='lat' dir='ltr'>colorem.</span> 
     </span>
    </p>

    <p class='ocr_par' dir='ltr' id='par_1_3' title="bbox 393 2569 1381 2637">
     <span class='ocr_line' id='line_1_13' title="bbox 393 2569 1381 2637; baseline 0 -5"><span class='ocrx_word' id='word_1_80' title='bbox 393 2569 573 2634; x_wconf 79' lang='lat' dir='ltr'>Exordium</span> <span class='ocrx_word' id='word_1_81' title='bbox 596 2592 759 2634; x_wconf 86' lang='lat' dir='ltr'>sumamus</span> <span class='ocrx_word' id='word_1_82' title='bbox 782 2570 943 2634; x_wconf 91' lang='lat' dir='ltr'>ascholio</span> <span class='ocrx_word' id='word_1_83' title='bbox 967 2569 1007 2633; x_wconf 84' lang='lat' dir='ltr'>ad</span> <span class='ocrx_word' id='word_1_84' title='bbox 1030 2571 1107 2636; x_wconf 84' lang='lat' dir='ltr'>Eur.</span> <span class='ocrx_word' id='word_1_85' title='bbox 1133 2572 1255 2637; x_wconf 88' lang='lat' dir='ltr'>Phoen.</span> <span class='ocrx_word' id='word_1_86' title='bbox 1280 2595 1309 2637; x_wconf 85' lang='lat' dir='ltr'>v.</span> <span class='ocrx_word' id='word_1_87' title='bbox 1325 2574 1381 2635; x_wconf 77' lang='grc'>751</span> 
     </span>
    </p>
   </div>
   <div class='ocr_carea' id='block_1_3' title="bbox 290 2671 1387 3095">
    <p class='ocr_par' dir='ltr' id='par_1_4' title="bbox 290 2671 1387 3095">
     <span class='ocr_line' id='line_1_14' title="bbox 290 2671 1385 2767; baseline 0 -23"><span class='ocrx_word' id='word_1_88' title='bbox 290 2676 451 2766; x_wconf 66' lang='grc' dir='ltr'><strong><em>διατριβῆς</em></strong></span> <span class='ocrx_word' id='word_1_89' title='bbox 475 2674 681 2766; x_wconf 72' lang='grc' dir='ltr'><strong><em>πεφύλακται</em></strong></span> <span class='ocrx_word' id='word_1_90' title='bbox 702 2674 759 2756; x_wconf 82' lang='grc' dir='ltr'><strong><em>τὰς</em></strong></span> <span class='ocrx_word' id='word_1_91' title='bbox 779 2671 956 2761; x_wconf 73' lang='grc' dir='ltr'><strong><em>ὀνομασίας</em></strong></span> <span class='ocrx_word' id='word_1_92' title='bbox 975 2679 1082 2744; x_wconf 72' lang='grc' dir='ltr'><strong><em>αὐτῶν</em></strong></span> <span class='ocrx_word' id='word_1_93' title='bbox 1104 2679 1221 2760; x_wconf 78' lang='grc' dir='ltr'><strong><em>εἰπεῖν,</em></strong></span> <span class='ocrx_word' id='word_1_94' title='bbox 1246 2674 1291 2757; x_wconf 76' lang='grc' dir='ltr'>ὥς</span> <span class='ocrx_word' id='word_1_95' title='bbox 1306 2704 1385 2767; x_wconf 74' lang='grc' dir='ltr'><strong><em>φησι</em></strong></span> 
     </span>
     <span class='ocr_line' id='line_1_15' title="bbox 292 2783 1387 2875; baseline 0 -22"><span class='ocrx_word' id='word_1_96' title='bbox 292 2788 488 2872; x_wconf 67' lang='lat' dir='ltr'>‚rior-pag,</span> <span class='ocrx_word' id='word_1_97' title='bbox 514 2784 567 2853; x_wconf 79' lang='grc' dir='ltr'>διὰ</span> <span class='ocrx_word' id='word_1_98' title='bbox 590 2783 628 2852; x_wconf 79' lang='grc' dir='ltr'><strong><em>τὸ</em></strong></span> <span class='ocrx_word' id='word_1_99' title='bbox 651 2783 717 2851; x_wconf 67' lang='grc' dir='ltr'>ὑπὸ</span> <span class='ocrx_word' id='word_1_100' title='bbox 744 2783 914 2868; x_wconf 73' lang='grc' dir='ltr'><em>Αἰσχύλου</em></span> <span class='ocrx_word' id='word_1_101' title='bbox 945 2785 1098 2875; x_wconf 71' lang='grc' dir='ltr'><strong><em>εἰρῆσθαι</em></strong></span> <span class='ocrx_word' id='word_1_102' title='bbox 1129 2788 1163 2854; x_wconf 81' lang='grc' dir='ltr'><strong><em>ἐν</em></strong></span> <span class='ocrx_word' id='word_1_103' title='bbox 1190 2792 1261 2866; x_wconf 82' lang='grc' dir='ltr'><strong><em>τοῖς</em></strong></span> <span class='ocrx_word' id='word_1_104' title='bbox 1285 2785 1387 2854; x_wconf 76' lang='grc' dir='ltr'><strong><em>Ἑπτὰ</em></strong></span> 
     </span>
     <span class='ocr_line' id='line_1_16' title="bbox 290 2885 1385 2986; baseline 0.002 -26"><span class='ocrx_word' id='word_1_105' title='bbox 290 2898 344 2963; x_wconf 72' lang='grc' dir='ltr'>ἐπὶ</span> <span class='ocrx_word' id='word_1_106' title='bbox 379 2894 503 2986; x_wconf 68' lang='grc' dir='ltr'><strong><em>Θήβας,</em></strong></span> <span class='ocrx_word' id='word_1_107' title='bbox 540 2893 562 2984; x_wconf 74' lang='grc' dir='ltr'><em>ἢ</em></span> <span class='ocrx_word' id='word_1_108' title='bbox 590 2893 704 2983; x_wconf 68' lang='grc' dir='ltr'><strong><em>ἐπειδὴ</em></strong></span> <span class='ocrx_word' id='word_1_109' title='bbox 729 2893 773 2983; x_wconf 66' lang='grc' dir='ltr'>μή</span> <span class='ocrx_word' id='word_1_110' title='bbox 796 2896 894 2962; x_wconf 72' lang='grc' dir='ltr'><strong><em>καλὸν</em></strong></span> <span class='ocrx_word' id='word_1_111' title='bbox 916 2885 955 2984; x_wconf 76' lang='grc' dir='ltr'><strong><em>ἦν</em></strong></span> <span class='ocrx_word' id='word_1_112' title='bbox 976 2893 1116 2964; x_wconf 75' lang='grc' dir='ltr'><strong><em>ἑκάστου</em></strong></span> <span class='ocrx_word' id='word_1_113' title='bbox 1140 2897 1326 2983; x_wconf 77' lang='grc' dir='ltr'><strong><em>καταλέγειν</em></strong></span> <span class='ocrx_word' id='word_1_114' title='bbox 1347 2895 1385 2963; x_wconf 77' lang='lat' dir='ltr'>cri</span> 
     </span>
     <span class='ocr_line' id='line_1_17' title="bbox 290 2999 1386 3095; baseline 0.002 -24"><span class='ocrx_word' id='word_1_115' title='bbox 290 2999 392 3090; x_wconf 79' lang='grc' dir='ltr'><strong><em>ὄνομα</em></strong></span> <span class='ocrx_word' id='word_1_116' title='bbox 414 3011 472 3072; x_wconf 76' lang='grc' dir='ltr'><strong><em>τοῦ</em></strong></span> <span class='ocrx_word' id='word_1_117' title='bbox 496 3007 644 3090; x_wconf 78' lang='grc' dir='ltr'><strong><em>πολέμου</em></strong></span> <span class='ocrx_word' id='word_1_118' title='bbox 669 3007 901 3092; x_wconf 63' lang='grc' dir='ltr'><strong><em>ἕπείγοντοςῧθ.</em></strong></span> <span class='ocrx_word' id='word_1_119' title='bbox 923 3030 964 3073; x_wconf 88' lang='lat' dir='ltr'>ox</span> <span class='ocrx_word' id='word_1_120' title='bbox 991 3008 1165 3094; x_wconf 88' lang='lat' dir='ltr'>Didymeis</span> <span class='ocrx_word' id='word_1_121' title='bbox 1189 3008 1254 3073; x_wconf 90' lang='lat' dir='ltr'>illis</span> <span class='ocrx_word' id='word_1_122' title='bbox 1278 3004 1386 3095; x_wconf 75' lang='grc' dir='ltr'><strong><em>πεφύ-</em></strong></span> 
     </span>
    </p>
   </div>
   <div class='ocr_carea' id='block_1_4' title="bbox 288 3209 1389 4435">
    <p class='ocr_par' dir='ltr' id='par_1_5' title="bbox 389 3209 1387 3280">
     <span class='ocr_line' id='line_1_18' title="bbox 389 3209 1387 3280; baseline -0.001 -18"><span class='ocrx_word' id='word_1_123' title='bbox 389 3212 422 3262; x_wconf 82' lang='grc'>56</span> <span class='ocrx_word' id='word_1_124' title='bbox 441 3209 585 3263; x_wconf 87' lang='lat' dir='ltr'>Posterius</span> <span class='ocrx_word' id='word_1_125' title='bbox 603 3215 799 3279; x_wconf 82' lang='lat' dir='ltr'>argumentum</span> <span class='ocrx_word' id='word_1_126' title='bbox 818 3211 976 3264; x_wconf 83' lang='lat' dir='ltr'>desumtum</span> <span class='ocrx_word' id='word_1_127' title='bbox 995 3215 1038 3264; x_wconf 88' lang='lat' dir='ltr'>est</span> <span class='ocrx_word' id='word_1_128' title='bbox 1057 3228 1091 3264; x_wconf 83' lang='lat' dir='ltr'>ex</span> <span class='ocrx_word' id='word_1_129' title='bbox 1114 3211 1182 3280; x_wconf 86' lang='lat' dir='ltr'>ipsis</span> <span class='ocrx_word' id='word_1_130' title='bbox 1211 3227 1281 3278; x_wconf 87' lang='lat' dir='ltr'>quae</span> <span class='ocrx_word' id='word_1_131' title='bbox 1305 3209 1387 3262; x_wconf 88' lang='lat' dir='ltr'>hodic</span> 
     </span>
    </p>

    <p class='ocr_par' dir='ltr' id='par_1_6' title="bbox 290 3304 707 3373">
     <span class='ocr_line' id='line_1_19' title="bbox 290 3304 707 3373; baseline 0 -15"><span class='ocrx_word' id='word_1_132' title='bbox 290 3306 419 3358; x_wconf 84' lang='lat' dir='ltr'>feruutur</span> <span class='ocrx_word' id='word_1_133' title='bbox 440 3304 582 3373; x_wconf 77' lang='lat' dir='ltr'>Euripidis</span> <span class='ocrx_word' id='word_1_134' title='bbox 601 3305 707 3359; x_wconf 88' lang='lat' dir='ltr'>verbis:</span> 
     </span>
    </p>

    <p class='ocr_par' dir='ltr' id='par_1_7' title="bbox 472 3397 1099 3474">
     <span class='ocr_line' id='line_1_20' title="bbox 472 3397 1099 3474; baseline -0.005 -19"><span class='ocrx_word' id='word_1_135' title='bbox 472 3397 562 3474; x_wconf 76' lang='grc' dir='ltr'><strong><em>ὄνομα</em></strong></span> <span class='ocrx_word' id='word_1_136' title='bbox 582 3403 607 3455; x_wconf 80' lang='lat' dir='ltr'>‹i’</span> <span class='ocrx_word' id='word_1_137' title='bbox 627 3397 742 3455; x_wconf 70' lang='grc' dir='ltr'><strong><em>ἕκαστον</em></strong></span> <span class='ocrx_word' id='word_1_138' title='bbox 763 3399 885 3470; x_wconf 76' lang='grc' dir='ltr'><strong><em>διατριβὴ</em></strong></span> <span class='ocrx_word' id='word_1_139' title='bbox 905 3400 991 3469; x_wconf 72' lang='grc' dir='ltr'><strong><em>πολλὴ</em></strong></span> <span class='ocrx_word' id='word_1_140' title='bbox 1009 3405 1099 3470; x_wconf 76' lang='grc' dir='ltr'><strong><em>λέγειν</em></strong></span> 
     </span>
    </p>

    <p class='ocr_par' dir='ltr' id='par_1_8' title="bbox 288 3495 1389 3937">
     <span class='ocr_line' id='line_1_21' title="bbox 473 3495 1090 3570; baseline -0.005 -18"><span class='ocrx_word' id='word_1_141' title='bbox 473 3500 584 3569; x_wconf 72' lang='grc' dir='ltr'><strong><em>ἐχθρῶν</em></strong></span> <span class='ocrx_word' id='word_1_142' title='bbox 604 3497 650 3552; x_wconf 79' lang='grc' dir='ltr'>ὑπ’</span> <span class='ocrx_word' id='word_1_143' title='bbox 668 3495 759 3558; x_wconf 80' lang='grc' dir='ltr'><strong><em>αὐτοῖς</em></strong></span> <span class='ocrx_word' id='word_1_144' title='bbox 778 3505 897 3570; x_wconf 81' lang='grc' dir='ltr'><strong><em>τείχεσιν</em></strong></span> <span class='ocrx_word' id='word_1_145' title='bbox 915 3503 1090 3569; x_wconf 73' lang='grc' dir='ltr'><strong><em>καθημένων.</em></strong></span> 
     </span>
     <span class='ocr_line' id='line_1_22' title="bbox 291 3593 1387 3665; baseline 0.002 -19"><span class='ocrx_word' id='word_1_146' title='bbox 291 3612 356 3646; x_wconf 89' lang='lat' dir='ltr'>num</span> <span class='ocrx_word' id='word_1_147' title='bbox 374 3594 400 3647; x_wconf 91' lang='lat' dir='ltr'>hi</span> <span class='ocrx_word' id='word_1_148' title='bbox 420 3613 514 3649; x_wconf 87' lang='lat' dir='ltr'>versus</span> <span class='ocrx_word' id='word_1_149' title='bbox 535 3614 569 3648; x_wconf 88' lang='lat' dir='ltr'>ex</span> <span class='ocrx_word' id='word_1_150' title='bbox 589 3595 754 3649; x_wconf 81' lang='lat' dir='ltr'>scholiastae</span> <span class='ocrx_word' id='word_1_151' title='bbox 768 3600 834 3648; x_wconf 86' lang='lat' dir='ltr'>nota</span> <span class='ocrx_word' id='word_1_152' title='bbox 847 3595 986 3665; x_wconf 84' lang='lat' dir='ltr'>originem</span> <span class='ocrx_word' id='word_1_153' title='bbox 996 3595 1136 3658; x_wconf 83' lang='lat' dir='ltr'>duxerint,</span> <span class='ocrx_word' id='word_1_154' title='bbox 1157 3595 1261 3657; x_wconf 85' lang='lat' dir='ltr'>nescio,</span> <span class='ocrx_word' id='word_1_155' title='bbox 1281 3593 1310 3646; x_wconf 89' lang='lat' dir='ltr'>id</span> <span class='ocrx_word' id='word_1_156' title='bbox 1322 3593 1387 3653; x_wconf 88' lang='lat' dir='ltr'>scio,</span> 
     </span>
     <span class='ocr_line' id='line_1_23' title="bbox 289 3690 1389 3759; baseline 0 -19"><span class='ocrx_word' id='word_1_157' title='bbox 289 3691 387 3743; x_wconf 87' lang='lat' dir='ltr'>deletis</span> <span class='ocrx_word' id='word_1_158' title='bbox 407 3691 440 3744; x_wconf 82' lang='lat' dir='ltr'>iis</span> <span class='ocrx_word' id='word_1_159' title='bbox 459 3697 487 3744; x_wconf 86' lang='lat' dir='ltr'>et</span> <span class='ocrx_word' id='word_1_160' title='bbox 505 3691 597 3753; x_wconf 79' lang='lat' dir='ltr'>tertio,</span> <span class='ocrx_word' id='word_1_161' title='bbox 619 3693 735 3759; x_wconf 87' lang='lat' dir='ltr'>propter</span> <span class='ocrx_word' id='word_1_162' title='bbox 755 3690 910 3744; x_wconf 84' lang='lat' dir='ltr'>sententiae</span> <span class='ocrx_word' id='word_1_163' title='bbox 928 3690 1103 3743; x_wconf 85' lang='lat' dir='ltr'>ieiunitatem</span> <span class='ocrx_word' id='word_1_164' title='bbox 1118 3696 1147 3744; x_wconf 87' lang='lat' dir='ltr'>et</span> <span class='ocrx_word' id='word_1_165' title='bbox 1160 3691 1276 3744; x_wconf 88' lang='lat' dir='ltr'>verbum</span> <span class='ocrx_word' id='word_1_166' title='bbox 1291 3710 1389 3757; x_wconf 82' lang='grc' dir='ltr'><strong><em>καταρ-</em></strong></span> 
     </span>
     <span class='ocr_line' id='line_1_24' title="bbox 288 3787 1389 3858; baseline 0 -19"><span class='ocrx_word' id='word_1_167' title='bbox 288 3789 383 3858; x_wconf 75' lang='grc' dir='ltr'><strong><em>γῶμεν</em></strong></span> <span class='ocrx_word' id='word_1_168' title='bbox 402 3794 541 3856; x_wconf 80' lang='lat' dir='ltr'>suspecto,</span> <span class='ocrx_word' id='word_1_169' title='bbox 560 3789 664 3841; x_wconf 89' lang='lat' dir='ltr'>maiore</span> <span class='ocrx_word' id='word_1_170' title='bbox 684 3805 747 3840; x_wconf 90' lang='lat' dir='ltr'>cum</span> <span class='ocrx_word' id='word_1_171' title='bbox 766 3787 793 3839; x_wconf 89' lang='lat' dir='ltr'>vi</span> <span class='ocrx_word' id='word_1_172' title='bbox 812 3787 966 3856; x_wconf 88' lang='lat' dir='ltr'>meliusque</span> <span class='ocrx_word' id='word_1_173' title='bbox 984 3790 1073 3840; x_wconf 87' lang='lat' dir='ltr'>totam</span> <span class='ocrx_word' id='word_1_174' title='bbox 1095 3788 1251 3843; x_wconf 85' lang='lat' dir='ltr'>orationem</span> <span class='ocrx_word' id='word_1_175' title='bbox 1274 3788 1389 3856; x_wconf 87' lang='lat' dir='ltr'>siopro-</span> 
     </span>
     <span class='ocr_line' id='line_1_25' title="bbox 290 3883 405 3937; baseline -0.017 0"><span class='ocrx_word' id='word_1_176' title='bbox 290 3883 405 3937; x_wconf 83' lang='lat' dir='ltr'>cedere:</span> 
     </span>
    </p>

    <p class='ocr_par' dir='ltr' id='par_1_9' title="bbox 476 3976 1212 4050">
     <span class='ocr_line' id='line_1_26' title="bbox 476 3976 1212 4050; baseline 0.003 -19"><span class='ocrx_word' id='word_1_177' title='bbox 476 3982 527 4033; x_wconf 82' lang='lat'>748</span> <span class='ocrx_word' id='word_1_178' title='bbox 546 3981 620 4033; x_wconf 76' lang='grc' dir='ltr'><strong><em>ἔσται</em></strong></span> <span class='ocrx_word' id='word_1_179' title='bbox 642 3979 716 4032; x_wconf 78' lang='grc' dir='ltr'><strong><em>ταδ””</em></strong></span> <span class='ocrx_word' id='word_1_180' title='bbox 737 3977 828 4034; x_wconf 60' lang='grc' dir='ltr'><strong><em>ἐλθὼν</em></strong></span> <span class='ocrx_word' id='word_1_181' title='bbox 846 3981 871 4032; x_wconf 86' lang='lat' dir='ltr'>d’</span> <span class='ocrx_word' id='word_1_182' title='bbox 891 3976 1067 4050; x_wconf 77' lang='grc' dir='ltr'><strong><em>ἑπτάπυργον</em></strong></span> <span class='ocrx_word' id='word_1_183' title='bbox 1084 3983 1112 4040; x_wconf 73' lang='grc' dir='ltr'>ἒς</span> <span class='ocrx_word' id='word_1_184' title='bbox 1131 3976 1212 4034; x_wconf 85' lang='grc' dir='ltr'><strong><em>πόλιν</em></strong></span> 
     </span>
    </p>

    <p class='ocr_par' dir='ltr' id='par_1_10' title="bbox 473 4070 1178 4147">
     <span class='ocr_line' id='line_1_27' title="bbox 473 4070 1178 4147; baseline 0.006 -18"><span class='ocrx_word' id='word_1_185' title='bbox 473 4078 525 4130; x_wconf 86' lang='grc'>749</span> <span class='ocrx_word' id='word_1_186' title='bbox 544 4070 612 4136; x_wconf 75' lang='grc' dir='ltr'><strong><em>τάξω</em></strong></span> <span class='ocrx_word' id='word_1_187' title='bbox 630 4074 764 4145; x_wconf 77' lang='grc' dir='ltr'><strong><em>λοχαγοὺς</em></strong></span> <span class='ocrx_word' id='word_1_188' title='bbox 782 4074 851 4145; x_wconf 76' lang='grc' dir='ltr'><strong><em>πρὸς</em></strong></span> <span class='ocrx_word' id='word_1_189' title='bbox 871 4071 1008 4143; x_wconf 76' lang='grc' dir='ltr'><strong><em>πύλαισιν,</em></strong></span> <span class='ocrx_word' id='word_1_190' title='bbox 1029 4075 1065 4137; x_wconf 80' lang='grc' dir='ltr'>ὥς</span> <span class='ocrx_word' id='word_1_191' title='bbox 1082 4081 1178 4147; x_wconf 76' lang='grc' dir='ltr'><strong><em>λέγεις,</em></strong></span> 
     </span>
    </p>

    <p class='ocr_par' dir='ltr' id='par_1_11' title="bbox 474 4169 1041 4244">
     <span class='ocr_line' id='line_1_28' title="bbox 474 4169 1041 4244; baseline 0.004 -20"><span class='ocrx_word' id='word_1_192' title='bbox 474 4175 525 4226; x_wconf 88' lang='grc'>750</span> <span class='ocrx_word' id='word_1_193' title='bbox 544 4179 618 4230; x_wconf 75' lang='grc' dir='ltr'><strong><em>ἴσους</em></strong></span> <span class='ocrx_word' id='word_1_194' title='bbox 636 4179 717 4225; x_wconf 76' lang='grc' dir='ltr'><strong><em>ἴσοισι</em></strong></span> <span class='ocrx_word' id='word_1_195' title='bbox 738 4175 894 4244; x_wconf 77' lang='grc' dir='ltr'><strong><em>πολεμίοισι</em></strong></span> <span class='ocrx_word' id='word_1_196' title='bbox 914 4169 1041 4232; x_wconf 68' lang='grc' dir='ltr'><strong><em>ἀντιθείς.</em></strong></span> 
     </span>
    </p>

    <p class='ocr_par' dir='ltr' id='par_1_12' title="bbox 474 4263 1151 4341">
     <span class='ocr_line' id='line_1_29' title="bbox 474 4263 1151 4341; baseline 0.004 -21"><span class='ocrx_word' id='word_1_197' title='bbox 474 4271 526 4322; x_wconf 83' lang='grc'>754</span> <span class='ocrx_word' id='word_1_198' title='bbox 543 4273 592 4320; x_wconf 81' lang='grc' dir='ltr'><strong><em>καί</em></strong></span> <span class='ocrx_word' id='word_1_199' title='bbox 608 4289 657 4339; x_wconf 86' lang='grc' dir='ltr'>μοι</span> <span class='ocrx_word' id='word_1_200' title='bbox 676 4268 777 4337; x_wconf 78' lang='grc' dir='ltr'><strong><em>γένοιτ’</em></strong></span> <span class='ocrx_word' id='word_1_201' title='bbox 797 4266 922 4341; x_wconf 71' lang='grc' dir='ltr'><strong><em>ἀδελφὸν</em></strong></span> <span class='ocrx_word' id='word_1_202' title='bbox 941 4263 1040 4339; x_wconf 78' lang='grc' dir='ltr'><strong><em>ἀντήρη</em></strong></span> <span class='ocrx_word' id='word_1_203' title='bbox 1059 4273 1151 4338; x_wconf 76' lang='grc' dir='ltr'><strong><em>λαβεῖν</em></strong></span> 
     </span>
    </p>

    <p class='ocr_par' dir='ltr' id='par_1_13' title="bbox 474 4358 1126 4435">
     <span class='ocr_line' id='line_1_30' title="bbox 474 4358 1126 4435; baseline 0.006 -20"><span class='ocrx_word' id='word_1_204' title='bbox 474 4366 525 4416; x_wconf 87' lang='grc'>755</span> <span class='ocrx_word' id='word_1_205' title='bbox 546 4367 590 4416; x_wconf 83' lang='grc' dir='ltr'><strong><em>καὶ</em></strong></span> <span class='ocrx_word' id='word_1_206' title='bbox 609 4366 774 4423; x_wconf 69' lang='grc' dir='ltr'><strong><em>ξυσταθέντα</em></strong></span> <span class='ocrx_word' id='word_1_207' title='bbox 793 4361 838 4416; x_wconf 72' lang='lat' dir='ltr'>dele</span> <span class='ocrx_word' id='word_1_208' title='bbox 859 4358 950 4435; x_wconf 77' lang='grc' dir='ltr'><em>μάχης</em></span> <span class='ocrx_word' id='word_1_209' title='bbox 969 4365 1040 4418; x_wconf 81' lang='grc' dir='ltr'><strong><em>ἑλεῖν</em></strong></span> <span class='ocrx_word' id='word_1_210' title='bbox 1058 4366 1126 4434; x_wconf 74' lang='grc' dir='ltr'><strong><em>δορί.</em></strong></span> 
     </span>
    </p>
   </div>
   <div class='ocr_carea' id='block_1_5' title="bbox 0 0 1504 5176">
    <p class='ocr_par' dir='ltr' id='par_1_14' title="bbox 0 0 1504 5176">
     <span class='ocr_line' id='line_1_31' title="bbox 0 0 1504 5176; baseline 0 1"><span class='ocrx_word' id='word_1_211' title='bbox 0 0 1504 5176; x_wconf 95' lang='lat' dir='ltr'> </span> 
     </span>
    </p>
   </div>
  </div>
 </body>
</html>
