3000 5176
657 273 697 378 ατ

129 497 292 586 δράματος
314 495 465 591 άνῄρητο,
487 497 527 565 τά
546 503 606 565 τοῦ
628 493 882 585 άναγνιορισμοῦ,
906 500 939 565 έν
961 492 1013 579 οἷς
1034 500 1224 586 καταγέγονε

128 606 268 696 μάλιστα
290 606 308 677 ὁ
332 608 479 698 ποιητής.
516 678 518 682 ,

581 752 777 760 ——-—

213 859 282 926 OT.
295 859 356 925 378
379 859 542 946 πεποίηκε
557 859 616 926 τδν
631 857 794 926 Οἰδίποδα
809 855 978 942 ὑπονοεῖν,
1001 858 1038 941 ἐξ
1056 855 1227 946 ὑποβολῆς

130 968 296 1054 Κρέοντος
316 972 421 1034 ταῦτα
444 965 612 1054 εἰρῆσθαι,
644 968 697 1033 ἵνα
728 969 904 1054 ζητοῦντος
933 959 1041 1033 αῦτοῦ
1071 964 1227 1056 ολῳορμην

129 1069 263 1164 εῦλογον
287 1073 343 1166 έχη
365 1074 405 1142 τά
426 1073 528 1143 λοιπά
550 1081 609 1142 τοῦ
629 1073 802 1162 δράματος.
1241 1079 1257 1132 5

212 1187 333 1254 Electr.
356 1186 418 1252 253
441 1183 482 1252 σδ
508 1185 598 1252 νίκας
623 1183 662 1252 τδ
685 1183 739 1253 ίσδ
764 1178 844 1252 νίκα’
862 1182 950 1252 πάνυ
969 1179 1160 1272 άναγκαιίος,
1184 1187 1225 1253 ἵν’

128 1288 264 1384 άῳορμή
289 1295 416 1382 γένηται
438 1291 565 1379 μακράν
587 1294 725 1361 ἐκτεῖναι
748 1299 841 1383 ρῆσιν
861 1293 922 1383 τήν
944 1282 1131 1381 Ἠλέκτραν,
1154 1282 1228 1385 ε’νῇ

129 1399 237 1469 πάντα
258 1401 300 1470 τά
323 1405 400 1471 καθ’
424 1401 540 1493 ἑαυτήν
564 1399 805 1491 παραλήψεται.

214 1511 284 1580 OT.
299 1514 360 1577 447
382 1513 526 1579 ἐνταῦθα
547 1508 911 1599 παρρησιαστικώτερον
930 1508 1006 1578 δλον
1028 1509 1066 1578 τδ
1090 1517 1228 1598 πρᾶγμα

130 1621 383 1706 παραινίττεται,
413 1614 614 1710 άμῳοτέριον
634 1626 697 1688 τοῦ
719 1625 860 1707 ποιητοῦ
885 1622 1137 1704 στοχασαμένου,
1168 1625 1228 1688 τοῦ
1244 1630 1276 1680 10

126 1758 166 1799 τε
191 1727 332 1816 δράματι
352 1730 586 1819 συμφέροντος,
618 1726 714 1809 ὅπως
736 1726 781 1818 μὴ
804 1724 1072 1818 α’νακαλάπτηται
1095 1726 1115 1818 ἡ
1140 1725 1226 1797 ῦπό-

130 1847 227 1919 δεσις
243 1836 306 1920 (διδ
328 1837 574 1925 αἰνιγματωδῶς
594 1836 702 1906 πάντα
724 1840 830 1928 φησι),
853 1843 912 1905 τοῦ
934 1865 969 1905 τε
992 1843 1039 1926 τῷ
1054 1835 1228 1927 προσώπῳ

130 1948 327 2035 πρέποντος,
349 1945 417 2015 έδει
439 1946 501 2035 γάρ
524 1948 632 2016 εἰπεῖν
653 1948 711 2015 τδν
730 1946 844 2033 μάντιν
866 1945 906 2014 τά
921 1950 991 2033 μετ’
1006 1940 1116 2035 ὀλίγον
1126 1974 1229 2036 ῳανη-

131 2053 263 2143 σόμενα.

214 2163 616 2235 Elect121137-e‘vodtc
632 2168 668 2235 δέ
688 2168 813 2235 δίκαιον
835 2169 1020 2254 δηλοῦσθαι
1037 2163 1090 2234 δτι
1103 2159 1228 2256 άδελῳη
1245 2170 1277 2222 15

132 2268 234 2342 αῦτοῦ
259 2275 347 2343 ε’στιν
364 2272 383 2364 ἦ
408 2276 442 2342 έν
455 2280 502 2364 τηῦ
516 2273 611 2365 λόγῳ·
634 2271 759 2364 άγνοιῦν
776 2273 838 2363 γάρ
855 2269 960 2365 αῦτήν
977 2268 1125 2363 Ὀρέστης
1143 2268 1230 2343 άπα-

133 2386 358 2474 λοῳορομένην
377 2383 544 2474 γνώσεται.

217 2495 260 2561 ib.
285 2496 364 2560 1171
385 2499 540 2575 πιθανοῖς
563 2490 756 2579 πρόσκειται
777 2490 816 2561 ed
841 2484 947 2578 ῦνομα
968 2496 1026 2582 τῆς
1044 2486 1229 2578 Ἠλέκτρας,

131 2605 184 2669 ἵνα
205 2598 300 2692 μάθῃ
318 2595 475 2691 Ὀρέστης·
499 2596 541 2671 οῦ
561 2602 620 2690 γάρ
641 2599 725 2690 μ’δνη
747 2590 786 2691 ἦν
810 2596 902 2691 αῦτῴ
924 2595 1061 2693 άδελῳή.

132 2813 186 2847 nort
202 2797 243 2846 ito
261 2795 418 2863 procederet
435 2795 539 2861 subtele,
556 2805 586 2847 ut
604 2813 674 2846 nuuc
692 2793 822 2862 procedit.
850 2794 979 2845 irruisset
999 2795 1067 2844 euim
1086 2794 1115 2843 ιἰι
1134 2795 1229 2860 ceput-

134 2893 232 2944 tionem
257 2893 409 2944 meretricie
435 2894 584 2960 importune
606 2892 737 2954 Chaerea,
762 2909 810 2943 uec
831 2908 882 2959 pro
906 2891 1024 2942 eunucho
1052 2889 1230 2941 adduceretur

132 2987 258 3039 ulterius.
430 2989 432 2991 ’

184 3123 188 3131 ,
220 3081 238 3132 4
256 3080 342 3135 schol.
354 3078 377 3146 Q
388 3080 453 3132 o43
471 3075 502 3132 τὸ
523 3078 555 3130 δὲ
574 3072 640 3131 ὅλον
657 3077 807 3145 δαιμονίως
823 3071 1003 3148 ᾠκονόμησεν
1020 3074 1167 3144 ὁποιητὴς,
1187 3081 1231 3131 ἵνα

132 3170 247 3245 ᾄδοντος
271 3171 353 3229 αὐτοῦ
380 3178 480 3229 κλαίων
501 3169 645 3231 Ὀδυσσεὺς
667 3166 800 3227 ὑπόνοιαν
823 3174 862 3243 τῷ
877 3169 1005 3244 Ἀλκινόῳ
1029 3168 1159 3246 παράσχη
1186 3177 1232 3226 καὶ

132 3269 266 3343 ἀφορμὴν
282 3276 425 3326 πυθέσθαι
442 3277 482 3330 τίς
499 3270 587 3324 ἔστιν·
607 3265 666 3341 άμα
685 3269 717 3321 δὲ
735 3273 780 3322 καὶ
799 3267 878 3342 ἡμεῖς
894 3268 927 3323 τά
946 3258 1010 3342 περὶ
1027 3267 1076 3338 τὴν
1092 3265 1232 3341 πόρθησιν

133 3369 179 3435 τῆς
195 3364 276 3422 Ἰλίου
294 3361 435 3441 μάθωμεν
455 3359 570 3437 ᾅδοντος
588 3361 677 3420 αὐτοῦ.

223 3465 309 3517 ‘tour
326 3457 419 3535 μακρά
438 3463 476 3516 sit
493 3463 570 3533 ρῆσις
587 3461 719 3517 Electrae
738 3462 889 3531 exponitur
909 3462 995 3518 schol.
1013 3462 1051 3518 ib.
1071 3463 1124 3515 259
1144 3457 1161 3514 ά
1181 3459 1231 3532 ’γὼ

134 3560 192 3613 κατ’
209 3550 298 3630 ἧμαρτ
317 3554 471 3629 άναγκτιίως
488 3562 616 3629 κέχρηται
635 3559 673 3627 τῷ
691 3552 821 3630 νοήματι·
842 3558 889 3612 ἐπὶ
907 3558 962 3630 μὲν
979 3554 1032 3627 γάρ
1046 3557 1135 3623 (Rom.
1148 3557 1231 3612 etBr.

135 3672 187 3724 pro
207 3655 238 3709 ἐν
255 3652 322 3724 ἡμῖν
338 3652 401 3725 γάρ)
420 3659 563 3726 γενομένῳ
581 3649 725 3726 πράγματι
748 3659 794 3707 καὶ
812 3648 976 3723 παρελθόντι
1001 3650 1074 3712 εἰκὸς
1090 3657 1136 3706 καὶ
1161 3647 1232 3707 παῦ-

136 3757 240 3804 σασδαι
258 3749 307 3805 τὸν
325 3745 524 3821 ἀδημονοῦντα.
543 3744 628 3803 ὁπότε
647 3750 679 3802 δὲ
699 3745 782 3817 αὐτὴν
800 3745 831 3802 οῦ
847 3743 937 3820 μόνον
954 3746 987 3802 τά
1003 3752 1051 3802 τοῦ
1068 3745 1171 3821 πατρὸς
1187 3752 1232 3802 λυ-

135 3855 189 3913 πεῖ,
214 3845 280 3902 άλλά
300 3852 345 3901 καὶ
364 3846 397 3901 τά
415 3850 461 3915 τῆς
478 3844 581 3919 μητρὸς
598 3850 644 3899 καὶ
662 3845 695 3899 τά
713 3850 855 3916 Αἰγίσθου
875 3843 1011 3916 ὁσημέραι
1029 3840 1172 3916 γινόμενα,
1197 3849 1233 3900 ελ·
1321 3837 1324 3844 ’

134 3938 220 4004 κότος
237 3948 392 4014 παρατείνει.
411 3943 445 4009 <G
463 3947 632 4014 παρατείνειε
651 3941 684 4008 L)
701 3937 731 3994 τὸ
750 3948 873 4015 πενθεῖν.
893 3941 990 3995 similis
1009 3944 1052 3995 est
1070 3941 1233 4010 disputandi

134 4040 208 4095 ratio
226 4041 256 4093 in
275 4039 359 4093 schol.
378 4039 422 4092 Ai.
442 4040 503 4092 421.

226 4137 243 4188 9
263 4134 350 4190 schol.
363 4133 417 4188 OT.
428 4136 481 4188 328
499 4128 551 4200 ἤδη
570 4128 733 4205 τρανότερον
751 4137 846 4206 φησὶν,
868 4128 909 4187 ὅτι
926 4132 960 4186 τά
978 4128 1060 4186 αὐτοῦ
1076 4129 1146 4186 κακά
1161 4127 1233 4186 duo-

135 4226 287 4302 κρύπτεται.

209 4329 242 4379 16
263 4320 323 4392 {pte
340 4328 378 4396 τῷ
397 4322 469 4397 λόγῳ
490 4326 512 4380 L
534 4327 565 4381 έν
582 4327 619 4396 τῷ
637 4320 709 4396 λόγῳ
727 4323 783 4392 Vp‘
804 4327 835 4380 ἓν
852 4327 890 4395 τῷ
908 4320 981 4396 λόγῳ
1000 4325 1164 4382 Brunckius.

1052 4425 1068 4478 7
