3000 5176
736 341 756 404 9

301 524 330 590 D
376 525 528 614 ἐδιδάχθη
563 527 619 593 ἐπὶ
642 522 890 614 Ναυσικράτους
914 518 1070 611 άρχοντος
1091 559 1109 595 κ
1135 557 1193 595 κν
1217 496 1294 593 δεύ-

195 660 291 718 τερος
310 629 521 723 Εὕριπίδηςκ
544 664 563 700 κ
586 664 604 700 κ
627 639 753 723 καθῆκε
773 637 1012 703 διδασκαλίανκ
1035 666 1054 703 ιι
1077 665 1096 701 u
1119 636 1196 721 περὶ
1218 633 1293 702 τοό.

195 764 268 810 του·
300 745 353 810 καὶ
373 741 435 832 γάρ
462 738 567 811 tate&
589 742 607 811 ὁ
632 740 794 829 Οἰνόμαος
816 747 869 811 καί
894 743 1095 830 Χρίσιππος
1115 747 1168 811 καὶ
1191 774 1210 812 ιι
1233 775 1251 810 κ
1276 775 1294 811 s

196 849 345 938 σώζεται.

296 962 324 1028 0
364 994 382 1029 κ
408 991 426 1027 κ
449 991 468 1028 ιι
494 969 518 1006 ¹4
551 959 571 1030 ό
593 964 690 1051 χορὸς
710 965 902 1052 συνέστηκεν
926 966 960 1032 ἐκ
981 967 1165 1038 Φοινισσῶν
1186 988 1294 1050 γυναι-

194 1077 269 1139 κών.
292 1072 479 1159 προλογίζει
501 1073 537 1140 δὲ
559 1067 711 1159 Ἰοκάστη.

297 1181 414 1247 desunt
440 1183 547 1250 Aut.

404 1292 454 1357 VI
477 1303 704 1377 argumentum
727 1292 856 1359 Orestis
876 1293 1084 1382 Euripideue.

371 1393 629 1489 Ἀριστοφάνους
650 1405 873 1487 γραμματικοῦ
887 1407 910 1444 ¹⁵
935 1396 1112 1479 ὑπόθεσις.

296 1509 327 1573 Α
369 1501 516 1595 Ὀρέστης
537 1509 591 1575 διὰ
612 1506 672 1596 τήν
696 1513 754 1596 τῆς
773 1505 897 1595 μητρός
911 1506 1051 1598 σφαγήν,
1073 1505 1139 1593 ἅμα
1154 1510 1207 1575 καὶ
1227 1505 1293 1575 άπδ

195 1622 261 1684 τῶν
282 1610 437 1702 Ἐρινύων
463 1613 720 1702 δειματούμενος
748 1619 801 1684 καὶ
828 1615 897 1685 ὑπό
924 1622 991 1684 τῶν
1019 1610 1176 1704 Ἀργείων
1198 1642 1295 1684 κατα-

195 1727 325 1811 κριθείς
344 1721 479 1814 θανάτῳ
500 1723 720 1813 <θάνατονλ>,
751 1727 878 1809 μέλλων
906 1722 1062 1815 φονεύειν
1088 1724 1215 1815 Ἑλένην
1241 1727 1295 1794 καί

193 1832 371 1923 Ἑρμιόνην,
396 1836 473 1903 ἄνθ’
490 1821 536 1901 niu
549 1836 720 1915 Μενέλαος
741 1832 857 1922 παρών
880 1829 943 1903 οάκ
964 1832 1157 1923 ἐβοήθησεν,
1180 1838 1293 1903 διεκω-

196 1941 283 2032 λίθη
309 1941 377 2012 άπὸ
399 1941 617 2024 Ἀπόλλωνος.

300 2060 330 2119 Β
372 2057 450 2140 παρ’
476 2047 637 2141 ον’·δετέρηι
659 2054 694 2120 δὲ
717 2059 822 2120 κεῖται
846 2051 865 2142 ἡ
887 2054 1084 2139 μυθοποιία.

301 2162 327 2228 O
371 2158 389 2250 ἡ
417 2162 476 2247 μὲν
502 2163 601 2249 σκηνὴ
628 2167 687 2228 τοῦ
713 2159 877 2248 δράματος
910 2159 1084 2229 ὑπόκειται
1112 2163 1147 2229 έν
1161 2153 1292 2248 ’Ἁργεα

197 2270 214 2338 ὁ
245 2271 280 2338 δὲ
308 2268 407 2366 χορός
435 2271 627 2360 συνέστηκεν
660 2272 695 2339 ἐκ
720 2275 878 2358 γυναικών
897 2266 1052 2359 Ἀργείων
1075 2270 1294 2360 ἦλικιωτίδων

196 2373 380 2467 Ἠλέκτρας,
401 2378 439 2447 αἳ
456 2383 509 2448 καὶ
526 2383 758 2468 παραγίνονται
781 2378 863 2468 ὑπὲρ
886 2385 946 2469 τῆς
966 2385 1029 2448 τοῦ
1042 2375 1200 2465 Ὀρέστου
1213 2407 1294 2447 πυν-

198 2485 379 2575 θανόμεναι
400 2495 582 2580 συμφορᾶς,
603 2492 790 2578 προλογίζει
812 2491 848 2558 δὲ
864 2483 1030 2577 Ἠλέκτρα.

302 2600 332 2664 F
368 2599 406 2667 τδ
428 2600 464 2667 δὲ
479 2603 590 2686 δρᾶμα
612 2601 842 2687 κωμικωτέραν
866 2598 932 2684 ἔχει
955 2596 1015 2688 την
1036 2597 1293 2690 καταστοφήνῑθ.

198 2737 217 2774 ει
240 2737 258 2772 ι
281 2737 300 2773 κ
323 2736 341 2773 κ
363 2705 401 2775 τό
425 2711 531 2796 δρᾶμα
552 2714 618 2776 τῶν
641 2702 1112 2797 ε’πίσκηνηςεάδοκιμοόντων,
1132 2709 1295 2794 χείριστον

198 2814 233 2881 δὲ
255 2821 327 2896 τοῖς
349 2809 456 2904 ἤθεσι.
480 2817 565 2905 πλὴν
584 2818 645 2904 γάρ
668 2814 823 2884 Πυλάδου
845 2811 970 2895 πάντες
990 2819 1114 2906 φαῦλοι
1137 2805 1255 2906 [ricius]⁸

297 2927 415 2992 desunt
438 2927 548 2995 Duo.

407 3039 474 3104 VII
497 3047 725 3125 argumentum
748 3037 848 3103 Rhesi
868 3037 1079 3125 Euripideue.

492 3139 749 3235 Ἀριστοφάνους
762 3152 785 3190 ¹⁷
808 3143 985 3225 ὑπόθεσις.

297 3257 327 3321 Α
373 3261 479 3344 Ρησος
511 3262 591 3336 παῖς
611 3258 671 3342 μὲν
691 3245 729 3344 ἦν
753 3253 940 3341 Στρυμόνος
965 3261 1028 3323 τοῦ
1053 3262 1211 3342 ποταμοῦ
1239 3259 1294 3325 καί

202 3360 417 3451 Τερψιχόρης,
440 3368 588 3431 Μουσῶν
610 3369 694 3448 μιᾶς,
719 3369 857 3454 Θρηικιδν
879 3364 914 3432 δὲ
936 3361 1116 3452 ἡγούμενος
1136 3355 1295 3444 εἰς”ίλιον

198 3473 407 3559 παραγίνεται
429 3473 543 3552 νυκτὸς
563 3473 829 3560 στρατευομένων
850 3469 972 3558 Τρώιον
995 3469 1086 3559 παρά
1108 3479 1181 3563 ταῖς
1202 3477 1295 3543 ναυσί

197 3587 263 3648 τῶν
282 3579 450 3671 Ἑλλήνων.
478 3588 595 3650 τοῦτον
616 3576 789 3662 Ὀδυσσεδς
817 3584 870 3650 καί
893 3580 1058 3672 Διομήδης
1089 3581 1294 3652 κατάσκοποι

198 3683 291 3772 όντες
313 3685 515 3779 α’ναιροῦσιν,
545 3685 688 3779 Ἀθηνᾶς
713 3685 831 3771 αδτοῖς
856 3688 1079 3780 ὑποθεμένης·
1110 3693 1209 3780 μέχαν
1231 3694 1292 3779 γάρ

300 3882 333 3933 14
351 3880 559 3934 Intereiderunt
581 3881 667 3935 verbe
680 3879 695 3947 ἡ
708 3880 763 3951 μὲν
775 3876 859 3947 σκηνὴ
869 3882 916 3933 τοῦ
926 3875 1066 3951 δράματος
1077 3876 1217 3935 ὑπόκειται
1224 3922 1294 3935 .....

299 3978 332 4030 15
352 3976 546 4045 Aristophanis
567 3993 627 4030 esse
648 3980 842 4046 argumentum
860 3979 1002 4030 testantur
1020 3975 1042 4028 B
1063 3979 1092 4028 et
1111 3974 1179 4028 Ven.
1199 3977 1261 4028 468.

300 4075 333 4127 16
353 4072 428 4140 Quae
445 4076 509 4142 post
528 4073 595 4127 haee
616 4073 645 4126 in
665 4072 746 4128 codd.
765 4071 896 4142 leguntur
921 4071 951 4124 in
977 4072 1095 4125 formam
1114 4067 1231 4142 ἀπορίας
1249 4075 1295 4123 καὶ

198 4161 299 4226 λύσεως
317 4169 432 4222 reductu
441 4169 623 4239 Aristophani
642 4173 719 4224 reete
738 4166 1170 4222 abiudicaruntSehneidewinus
1187 4166 1292 4220 etDin·

198 4262 312 4319 dorfius.

297 4362 330 4413 17
348 4358 545 4430 Aristophanis
565 4377 668 4416 nomen
688 4360 764 4416 solus
785 4360 907 4415 servavit
923 4361 957 4415 A.
