3000 5176
707 309 748 373 34

183 487 306 579 τιγύνη·
349 485 455 576 πλὴν
476 489 565 554 ἐκεῖ
596 493 795 576 φωραθεῖσα
816 485 899 572 μετά
931 492 989 553 τοτ’1
1014 489 1168 573 Αἵμονος
1189 488 1278 554 δίδο-

179 626 231 666 ται
265 597 351 683 πρὸς
381 595 485 685 γάμοι·
505 598 677 663 κοινωνίαν
705 599 758 662 καὶ
781 597 882 663 τίκτει
905 593 963 662 τδν
983 600 1130 682 Αἵμονα.
1174 599 1277 664 schol.

180 712 355 778 Ant.1350
387 706 436 774 ὅτι
453 714 481 752 ⁴⁰
512 708 660 796 διαφέρει
684 712 742 794 τῆς
764 700 944 790 Εὐριπίδου
975 700 1158 795 Ἀντιγόνης
1186 704 1276 795 αὕτη,

180 818 230 886 ὅτι
262 824 462 908 φωραθεῖσα
494 818 598 902 ἐκείνη
634 813 689 882 διὰ
720 812 778 881 τδν
807 817 962 899 Αἵμονος
995 815 1103 900 ἔρωτα
1136 812 1277 904 ἐξεδόθη

180 927 265 1013 π’ρδς
290 924 413 1014 γάμον·
443 927 617 993 ἐνταῦθα
643 924 685 990 δὲ
710 918 907 991 τσύναντίον.
951 927 1106 1011 arg.VB
1128 922 1148 1012 ἡ
1168 931 1278 1009 μυθο-

179 1040 275 1105 ποιία
297 1045 401 1104 κεῖται
423 1038 477 1102 καὶ
497 1037 573 1118 παρ’
599 1030 756 1120 Αἰσχύλῳ
778 1033 812 1099 ἕν
831 1031 932 1100 Ἑπτά
955 1035 1011 1100 ἐπὶ
1035 1030 1145 1122 Θήβας
1167 1030 1278 1120 πλὴν

180 1149 267 1215 ἐκεῖ
288 1153 345 1235 τῆς
366 1140 528 1232 Ἰοκάστης
539 1170 557 1204 s
580 1171 599 1204 s
622 1170 640 1204 s
665 1195 672 1208 .
687 1144 726 1210 ad
741 1145 869 1232 prologi
885 1145 1107 1210 oeconomiam
1122 1144 1209 1232 apud
1224 1167 1278 1208 vu·

180 1260 246 1324 rios
268 1267 381 1344 pactas
406 1256 525 1320 variam
550 1256 630 1320 haec
651 1262 815 1342 spectant:
843 1277 912 1340 arg.
927 1253 1054 1318 XIIIB
1076 1254 1221 1332 Ιίαῦκσς
1244 1253 1278 1317 ἐν

181 1365 349 1448 τοῖςπερὶ
379 1360 548 1446 Αἰσχύλου
577 1359 698 1447 μύθιον
730 1362 765 1427 ἐκ
797 1366 863 1426 τιῦν
897 1365 1082 1428 Φοινισσῶν
1116 1362 1277 1445 Φρυνίχου

179 1479 259 1567 (μησὶ
282 1474 359 1555 τούς
385 1475 517 1560 Πέρσας
547 1477 859 1560 παραπεποιῆσθαι.
911 1472 1061 1558 ἐκτίθησι
1088 1472 1198 1538 δὲκαὶ
1217 1468 1278 1559 τήν

177 1582 279 1677 ἀρχὴν
299 1592 357 1653 τού
391 1582 559 1670 δράματος
585 1579 703 1670 ταύτην
731 1579 811 1648 (τάδ’
837 1582 906 1648 ἐστὶ
927 1585 1069 1666 Περσῶν
1089 1585 1156 1646 των
1176 1576 1276 1647 πάλαι

178 1689 378 1784 δεβηκύτων’
405 1691 513 1782 πλὴν
548 1692 636 1759 ἐκεῖ
662 1685 815 1773 εύνούχύς
843 1690 930 1757 ἐστιν
957 1681 1117 1776 άγγέλλων
1139 1689 1172 1754 ἒν
1197 1683 1278 1779 άρχῇ

178 1806 238 1892 τήν
255 1805 378 1889 Ξέρξου·
401 1789 511 1890 ἧτταν,
530 1797 665 1884 στορνύς
686 1824 721 1865 τε
733 1795 878 1884 θράνους
899 1795 987 1876 τινάς
1007 1804 1079 1877 τοῖς
1098 1802 1158 1885 τῆς
1178 1791 1278 1886 ἀρχῆς

180 1913 376 1998 ιἰἀρέδροις,
416 1912 594 1977 ἐνταῦθα
632 1909 674 1974 δὲ
713 1908 899 1994 προλογίζει
937 1908 1034 1992 χορδς
1073 1911 1278 1993 πρεσβυτῶν.

179 2023 282 2090 schol.
292 2023 376 2089 Phil.
395 2025 408 2086 1
428 2022 482 2087 καὶ
493 2017 583 2105 παρά
594 2016 699 2105 τούτῳ
712 2017 899 2103 προλογίζει
912 2014 930 2082 δ
944 2010 1112 2096 Ὀδυσσεύς
1122 2013 1276 2103 καθάπερ

178 2134 231 2198 καὶ
253 2134 330 2214 παρ’
348 2123 522 2217 Εὐριπίδη.
545 2129 650 2194 ἐκεῖνο
667 2128 777 2212 μέντοι
799 2127 958 2216 διαφέρει,
978 2129 1055 2211 παρ’
1079 2122 1158 2193 ὅσον
1180 2124 1198 2194 ὁ
1219 2127 1278 2212 μὲν

182 2240 357 2326 Εὐριπίδης
381 2235 487 2303 πάντα
514 2242 561 2324 τῷ
589 2231 735 2305 Ὀδυσσεῖ
770 2237 990 2322 περιτίθησιν,
1024 2222 1121 2316 οὗτος
1152 2238 1188 2303 δὲ
1220 2233 1278 2304 τδν

181 2345 416 2433 Νεοπτόλεμον
438 2344 646 2434 παρεισάγων
666 2344 720 2412 διὰ
747 2341 865 2412 τούτου
890 2344 1120 2430 οἰκονομεῖται.
1162 2348 1277 2412 ultima

181 2463 261 2524 haec
284 2460 317 2523 in
339 2458 430 2522 libris
453 2457 572 2521 nostris
605 2466 678 2543 post
712 2456 852 2521 indicem
876 2477 1089 2544 personarum
1111 2456 1277 2542 leguntur,

179 2587 218 2629 eo
252 2564 352 2648 igitur
387 2563 471 2643 loco,
507 2561 561 2625 uhi
595 2561 680 2626 haud
709 2585 781 2626 raro
811 2563 944 2627 brevius
975 2563 1057 2626 illud
1090 2562 1275 2648 προλογίζει

178 2674 214 2738 δὲ
239 2724 246 2738 .
270 2718 277 2732 .
302 2723 309 2736 .
332 2723 339 2736 .
363 2681 463 2750 extat,
483 2669 557 2735 vide
580 2691 675 2754 argg.
690 2673 809 2754 Agara.
836 2683 867 2735 ct
890 2669 997 2760 Ocyp.
1040 2696 1141 2738 unum
1164 2695 1278 2738 exem-

179 2783 268 2869 plum
293 2779 452 2863 longioris
475 2778 710 2843 dissertationis
740 2779 773 2844 in
796 2781 896 2845 breve
928 2781 1010 2846 illud
1035 2781 1222 2867 προλογίζει
1242 2782 1278 2847 δὲ

179 2900 365 2955 contractae
389 2887 450 2952 iam
473 2909 570 2973 supra
593 2910 624 2973 p.
638 2886 680 2952 23
701 2909 743 2951 ex
773 2899 967 2974 argumento
989 2890 1102 2955 Aiacis
1131 2891 1276 2958 exhibui·

179 3022 259 3080 mus,
281 2998 369 3063 unde
403 2997 563 3079 scholion,
598 2997 685 3083 quod
710 2997 750 3061 ad
784 2999 846 3063 hoc
873 3000 1136 3064 observationum
1169 3021 1277 3084 genus

179 3106 387 3173 rescrondum
409 3117 467 3187 est,
499 3108 661 3192 originem
688 3108 818 3173 videtur
847 3107 980 3173 duxisse
1012 3109 1052 3172 ad
1075 3109 1168 3174 Aiac.
1189 3134 1219 3176 v.
1235 3111 1277 3175 34

178 3210 309 3306 εύιμνῶς
331 3217 367 3281 δὲ
397 3207 528 3300 άρχεται
553 3214 752 3295 ὑποθέσεως
779 3214 796 3282 δ
824 3214 973 3304 ποιητὴς,
1005 3214 1089 3284 ιῖίστε
1113 3222 1277 3303 τρανιῦσαι

140 3345 143 3350 “
178 3324 215 3392 τδ
250 3331 317 3392 πᾶν
350 3323 400 3393 διδ
422 3331 480 3413 τῆς
509 3319 662 3412 Ἀθηνᾶς.
717 3329 898 3412 θεραπεύει
920 3327 956 3392 δὲ
978 3327 996 3392 δ
1020 3319 1197 3406 Ὀδυσσεύς
1217 3326 1277 3415 τήν

177 3431 334 3523 Ἀθηνᾶν,
357 3437 410 3501 ἵνα
433 3436 486 3501 καὶ
509 3435 542 3500 εἰ·
565 3442 636 3513 τοῖς
660 3433 733 3523 ἑξῆς
754 3435 808 3525 ἕξη
830 3430 932 3523 αύτην
954 3430 1084 3523 εύμεννξ.

280 3547 343 3611 lllo
366 3549 529 3629 convniam
550 3544 588 3609 τι)
612 3549 682 3609 πᾶν
702 3548 741 3610 ad
765 3545 908 3611 officium
930 3548 1102 3634 prologi
1127 3548 1278 3611 ducimur

180 3658 220 3722 ad
247 3659 333 3744 quod
354 3660 544 3744 frequentes
569 3661 602 3722 in
623 3658 756 3722 scholiis
778 3657 1021 3723 ohservationes
1036 3657 1212 3742 pertinent,
1242 3665 1278 3720 ut

179 3768 289 3833 brevis
311 3769 436 3832 scilicet
458 3767 642 3853 argumenti
656 3767 832 3832 delineatio
846 3789 884 3832 eo
899 3767 1101 3834 exhiheatur.
1148 3767 1189 3831 de
1213 3788 1277 3851 qua

179 3898 214 3939 re
230 3900 423 3964 quamquam
435 3877 684 3964 Aristophanes,
700 3886 855 3962 quantum
873 3876 1004 3960 quidem
1018 3897 1059 3940 ex
1073 3875 1277 3962 argumentis

277 4047 312 4099 40
338 4043 425 4097 Notas
451 4044 593 4114 appositas
616 4043 701 4097 fuisse
728 4043 819 4113 poetis
838 4043 970 4097 scaenicis
990 4043 1026 4095 ad
1044 4043 1199 4095 dissensum
1218 4060 1274 4095 non

178 4139 269 4193 solum
290 4157 351 4192 cum
371 4138 492 4192 Homero
518 4140 567 4193 sed
593 4139 678 4194 otiam
699 4157 762 4192 cum
781 4139 843 4192 aliis
867 4140 957 4209 poetis
976 4139 1128 4193 notandum
1146 4139 1276 4192 ohserva-

178 4238 219 4290 vit
230 4236 400 4290 Schraderuu
423 4238 452 4288 in
473 4237 568 4290 libello
591 4239 621 4290 de
645 4244 785 4292 scotatione
805 4244 903 4291 critico
933 4258 949 4292 a
970 4241 1101 4291 veteribus
1119 4243 1277 4308 prutrrnralt'·

178 4341 217 4387 ris
236 4339 264 4385 in
284 4340 368 4404 portis
389 4338 522 4386 scrrenicis
542 4336 663 4386 adhibito
687 4351 714 4401 p.
728 4334 769 4385 19.
