3000 5176
673 337 708 399 11

139 520 206 599 κιδς
228 520 430 610 ὁΣοφοκλής
445 523 592 609 ἐποίησε,
613 518 824 609 χαριζόμενος
845 515 887 588 ου’
909 521 1011 608 μάνον
1032 527 1072 612 τῇ
1094 520 1238 605 πατρίδι,

139 623 223 697 άλλοί
236 631 289 696 καὶ
302 635 348 718 τῷ
365 629 485 699 ἐαυτοῦ
496 629 599 720 δήμῳ·
624 621 679 718 [ήν
693 628 754 718 γάρ
766 634 992 720 Κολωνῆθεν]
1010 628 1094 699 ὥστε
1111 627 1169 697 τδν
1180 628 1239 715 μὲν

139 741 242 826 δῆμον
271 740 433 826 ἐπίσημον
460 741 629 824 ἐπιδεῖξαι,
663 741 863 825 χαρίσασθαι
894 741 929 808 δὲ
956 749 1009 806 καὶ
1035 736 1076 804 τά
1104 739 1238 825 μέγιστα

138 855 210 929 τοῖς
230 850 429 940 Ἀθηναίοις,
452 854 492 920 δι’
515 840 561 920 niv
581 847 789 940 άπορθήτως
808 850 947 920 ἔσεσθαι
958 850 1012 918 καί
1027 854 1093 918 τοῖν
1109 849 1239 933 ἐχθροῖν

139 952 265 1039 αιίτοδς
287 957 459 1050 κρατήσειν
472 959 703 1030 δποτίθεταιδ
720 961 889 1046 Οἰδίπους,
912 961 1162 1048 προαναφωνιῖν
1186 953 1239 1025 δτι

139 1065 407 1138 διαστασιάσουσι
427 1067 514 1155 πρδς
528 1071 691 1157 Θηβαίους
710 1071 794 1138 ποτὲ
807 1073 862 1137 καὶ
876 1067 1008 1138 τούτων
1024 1065 1239 1157 κρατήσουσιν

140 1178 175 1244 ἐκ
196 1183 350 1265 χρησμῶν
374 1176 427 1246 διά
447 1179 505 1246 τδν
527 1176 634 1269 τάφον
657 1174 775 1248 αάτοῦ.

243 1288 270 1354 O
305 1285 324 1376 ή
347 1285 447 1376 σκηνή
468 1293 531 1355 τοῦ
553 1285 720 1373 δράματος
743 1285 916 1356 ὑπόκειται
938 1288 972 1355 ἐν
992 1292 1031 1378 τῇ
1054 1280 1183 1377 Ἀττικῇ
1199 1270 1239 1352 ιἐν

140 1401 187 1484 τῷ
210 1395 319 1484 ῖππίιμ
345 1399 493 1486 Κολωνηῖ
518 1395 603 1483 πρδς
622 1403 670 1487 τηῖ
691 1403 757 1486 ναηῖ
779 1402 846 1463 τῶν
867 1401 1004 1482 σεμνῶν.
1045 1394 1063 1462 δ
1086 1395 1122 1462 δέ
1142 1391 1239 1480 χορδς

140 1506 331 1594 συνέστηκεν
353 1506 390 1589 ἐξ
405 1500 585 1594 Ἀθηναίων
606 1500 744 1592 οἰνδριῦν.
775 1507 962 1593 προλογίζει
986 1504 1154 1583 Οἰδίπους.

242 1617 360 1682 desunt
384 1616 524 1684 BDEO.

240 1726 301 1792 His
324 1725 538 1812 argumentis,
559 1749 643 1812 quae
666 1726 875 1812 antiquorum
898 1724 1085 1791 testimonia
1107 1732 1143 1788 ut
1163 1722 1238 1788 Ari-

141 1836 323 1923 stophanes
343 1844 486 1918 tuentur,
512 1836 708 1919 subiungarn
731 1858 779 1921 ea,
810 1857 893 1923 quae
923 1834 1068 1900 eiusdem
1098 1831 1238 1898 auctoris

143 1966 213 2008 esse
237 1954 300 2010 tem
323 1968 382 2033 pro
409 1955 498 2009 certo
522 1955 554 2009 et
576 1945 745 2032 explorato
772 1956 845 2034 post
859 1944 1102 2010 Kirehhoffium
1125 1940 1239 2006 habuit

141 2052 344 2135 Dindorfius‚
377 2064 412 2119 ut
440 2053 474 2118 in
507 2053 650 2120 editione
680 2078 737 2119 sua
762 2055 960 2120 scholiorum
983 2051 1237 2141 Euripideorum

144 2162 376 2250 Aristophanis
394 2185 516 2228 nomen
539 2163 577 2228 iis
599 2164 808 2251 praefigeret.

319 2297 369 2363 IX
392 2309 622 2384 argumentum
648 2297 826 2364 Alcestidis
850 2296 1058 2385 Euripidoae.

399 2424 676 2523 (Ἀριστοφάνους
695 2435 921 2519 γραμματικοῦ
934 2436 981 2510 ¹⁹.)

243 2567 275 2630 A
310 2556 487 2652 ’Ἄλκηστις
516 2562 536 2652 ἡ
570 2566 694 2632 Πελίου
720 2561 881 2653 θυγάτηρ,
913 2561 1120 2649 ὑπομείνασα
1151 2561 1236 2650 ὑπὲρ

140 2676 202 2739 τοῦ
226 2671 311 2740 ἰδίου
333 2666 449 2758 άνδρδς
469 2675 669 2762 τελευτῆσαι,
695 2671 893 2760 Ἡρακλέους
921 2669 1184 2761 ἐπιδημήσαντος
1207 2672 1240 2739 ἐν

140 2786 180 2873 τῇ
204 2784 364 2872 Θετταλίᾳ
392 2779 585 2868 διασώζεται
613 2787 810 2870 βιασαμένου
839 2787 916 2866 τούς
942 2787 1100 2869 χθονίους
1130 2780 1238 2864 θεοδς

141 2892 195 2958 καὶ
217 2893 424 2980 οἰφελομένου
448 2890 506 2981 τήν
527 2899 670 2980 γυναῖκα.

244 3001 274 3065 Β
316 3005 393 3087 παρ’
419 2995 579 3090 οιίδετέρφ
602 3008 706 3069 κεῖται
726 2999 744 3091 ή
765 3003 964 3087 μυθοποιία.

241 3110 273 3176 Ε
315 3110 353 3177 τδ
376 3114 483 3198 δρᾶμα
504 3107 650 3199 ἐποιήθη
671 3107 722 3196 ιζ’.

242 3219 274 3284 D
317 3216 474 3307 ἐδιδάχθη
505 3220 561 3287 ἐπὶ
582 3222 758 3288 Ιλαυκίνοο
779 3212 935 3306 άρχοντος
955 3213 1163 3304 ὀλυμπιάδος
1184 3215 1236 3285 πέ

144 3325 211 3395 ἐτει
241 3329 391 3417 δευτέρην.
430 3334 565 3416 πρῶτος
598 3318 636 3418 ήν
663 3332 847 3419 Σοφοκλῆς,
876 3325 1028 3414 δεύτερος
1058 3321 1239 3415 Εὐριπίδης

142 3433 310 3526 Κρήσσαις
342 3431 536 3524 Ἀλκμαίωνι
577 3444 624 3528 τηῖ
655 3436 708 3506 διά
744 3441 912 3528 Ψωφῖδος,
947 3439 1086 3528 Τηλέφῳ
1115 3433 1240 3527 Ἀλκή-

142 3547 227 3613 στιδι
251 3575 269 3613 ιι
291 3575 310 3613 ιι
333 3564 398 3615 ο“··
438 3538 518 3567 ”w

245 3657 276 3722 F
317 3655 355 3724 τδ
390 3658 425 3724 δέ
448 3660 555 3743 δρᾶμα
575 3659 807 3744 κωμικωτέραν
831 3655 898 3741 ἔχει
919 3657 977 3753 τήν
998 3654 1239 3748 καταστροφήν.

245 3765 273 3832 O
321 3762 340 3854 ἦ
373 3763 471 3856 σκηνή
495 3771 554 3834 τοῦ
574 3763 738 3852 δράματος
759 3764 932 3835 ὑπόκειται
964 3768 998 3835 ἐν
1029 3773 1151 3854 Φεραῖς
1180 3771 1239 3856 μιᾷ
1335 3774 1339 3787 “

141 3874 239 3944 πόλει
257 3880 314 3966 τῆς
338 3877 523 3956 Θετταλίας.
560 3875 732 3963 συνέστηκε
756 3876 792 3943 δέ
813 3875 831 3944 ὁ
851 3877 949 3963 χορὸς
972 3875 1009 3944 ἐκ
1028 3903 1126 3944 τινιον
1157 3900 1240 3960 πρε-

142 3989 269 4069 σβυτῶν
290 3985 460 4067 ἐντοπίων,
485 3983 521 4054 οἳ
540 3987 594 4053 καὶ
615 3987 846 4074 παραγίνονται
869 3983 1147 4076 συμπαθήσαντες
1167 3990 1239 4064 ταῖς

141 4086 363 4181 Ἀλκήστιδος
384 4101 580 4184 συμφοραῖς.
603 4095 791 4184 προλογίζει
814 4093 831 4162 ὁ
854 4084 1094 4162 ’Arruntem
1169 4154 1175 4163 ,.

243 4349 275 4400 19
295 4347 370 4415 Quae
388 4347 430 4402 his
449 4346 528 4403 uncis
546 4347 646 4402 inclusi
664 4347 692 4418 ί)
711 4347 812 4402 desunt
831 4346 957 4401 inlibris
976 4346 1183 4418 manuscriptis.

1384 4057 1415 4143 ἰή,
