3000 5176
726 306 767 368 23

199 491 329 556 codices
352 501 429 574 tros,
462 490 578 576 quibus
600 513 678 554 usus
706 498 755 553 est
780 478 982 571 Diudorfius,
1005 488 1170 575 inpriore
1194 510 1295 552 enun-

197 600 266 665 tiati
291 612 384 688 parte
406 624 539 688 prorsus
565 599 774 664 consentiunt
796 622 869 665 cnm
891 600 932 678 A,
964 621 1024 685 pro
1047 597 1236 683 προλογίζει
1259 596 1296 664 δὲ

195 705 213 773 r‘
245 701 372 796 Ἀθηνᾶ
401 710 539 774 habent:
577 706 754 790 δαιμονίως
786 706 822 772 δὲ
852 705 998 795 εἰσφέρει
1037 706 1297 793 προλογίζουσαν

194 815 253 906 τὴν
279 813 430 905 Ἀθηνᾶν.
485 810 653 883 ἀπίθανον
682 813 740 903 γὰρ
767 812 826 882 τδν
846 811 979 882 Αἴαντα
1007 811 1169 901 προϊόντα
1191 813 1298 882 εἰπεῖν

196 928 275 1013 περὶ
296 925 363 992 τῶν
383 923 471 1014 αὐτῷ
499 926 747 1013 πεπραγμένων,
786 922 899 1011 ὥσπερ
935 925 1139 1011 ἐξελέγχοντα
1161 920 1297 992 ἑαυτόν·

196 1029 271 1103 οὐδὲ
296 1033 360 1124 μὴν
390 1031 501 1122 ἕτερός
534 1061 584 1115 τις
615 1029 775 1124 ἠπίστατο
808 1032 848 1100 τὰ
876 1039 1019 1114 τοιαῦτα,
1052 1035 1085 1101 ἐν
1116 1026 1296 1121 ἄπορρῆτῳ

196 1146 249 1212 καὶ
270 1141 385 1225 νοκτδς
413 1149 472 1211 τοῦ
495 1143 645 1224 Αἴαντος
671 1140 859 1230 δράσαντος.
910 1148 994 1211 θεοῦ
1027 1131 1084 1211 οὖν
1112 1131 1150 1231 ἦν
1171 1139 1209 1208 τδ
1232 1167 1296 1209 τοι·

197 1259 293 1322 ositos
317 1257 528 1344 διασαφῆσαι,
560 1254 615 1320 καὶ
644 1248 790 1341 Ἀθηνᾶς
825 1252 1071 1341 προκηδομένης
1099 1257 1158 1320 τοῦ
1189 1245 1299 1320 Ὀδυσ-

197 1365 291 1448 σέως,
313 1360 364 1431 διό
388 1389 469 1454 φησι
488 1362 553 1431 (καὶ
575 1360 677 1430 πάλαι
698 1360 806 1453 φύλαξ
833 1360 911 1450 ἔβην
930 1367 970 1450 τῆ
989 1366 1030 1453 σῇ
1051 1357 1230 1446 πρόδομος
1252 1359 1299 1440 εἰς

198 1470 276 1541 δδδν
296 1468 449 1564 norwic?
491 1498 569 1541 num
590 1476 675 1540 haee
690 1474 754 1538 iam
768 1473 1009 1560 Aristophanes
1025 1481 1219 1558 argumento
1239 1492 1297 1535 sno

198 1584 362 1650 addiderit
376 1584 474 1650 hodie
493 1584 564 1650 erui
581 1584 703 1670 nequit.
725 1584 788 1648 hoc
806 1594 915 1648 tamon
937 1582 1152 1648 certissimum
1176 1590 1235 1665 est,
1257 1604 1300 1646 ex

198 1695 267 1760 eius
288 1704 367 1760 nota
388 1705 493 1761 ortam
515 1717 587 1761 esse
609 1695 698 1760 illam
722 1694 973 1783 expositionem,
995 1714 1069 1757 eum
1094 1701 1192 1757 totam
1213 1691 1298 1756 hanc

199 1803 422 1888 quaestionem
436 1804 587 1870 movisse.
612 1813 644 1869 et
666 1804 721 1890 qui
734 1803 872 1869 moverit
884 1802 1117 1890 quaestionem,
1137 1801 1210 1888 quis
1227 1810 1298 1888 pot-

199 1921 248 1977 est
272 1912 366 1994 seire,
391 1920 545 2000 quantum
570 1912 659 1977 idem
682 1911 856 1978 contulerit
878 1911 920 1976 ad
942 1932 1014 1976 eam
1037 1909 1256 1976 solvendam?

298 2019 432 2087 Maioris
447 2020 542 2085 etiam
561 2019 728 2101 momenti,
751 2042 845 2104 quam
863 2040 1001 2084 scaenae
1024 2029 1056 2083 et
1077 2040 1292 2104 personarum

200 2128 393 2211 notationes,
417 2151 499 2214 quae
522 2138 676 2214 quantum
691 2128 853 2194 valuerint
875 2129 910 2193 in
923 2127 1049 2194 scholia
1072 2126 1299 2214 componenda

198 2260 276 2303 mox
310 2238 496 2327 apparebit,
536 2249 647 2303 nostro
683 2238 851 2325 proposito
888 2239 958 2325 ipsa
993 2247 1068 2303 sunt
1109 2237 1151 2302 de
1182 2258 1297 2325 prae·

199 2345 359 2410 stantia
391 2345 634 2410 fabularum
663 2344 849 2429 iudicia,
880 2368 962 2431 quae
984 2346 1227 2432 Aristophanes
1249 2368 1301 2410 ar-

199 2454 366 2540 gumentis
391 2455 457 2520 suis
479 2453 663 2537 immiscuit,
688 2453 838 2519 breviora
860 2456 972 2538 altera,
1001 2457 1104 2520 altera
1130 2456 1299 2544 ampliora.

198 2564 352 2630 breviora
375 2564 494 2629 iudicia
521 2574 611 2629 certa
631 2563 768 2649 quadam
793 2565 1018 2654 constantique
1040 2565 1189 2649 formula,
1211 2565 1298 2652 qrrod

198 2673 232 2738 in
255 2673 479 2762 Aristophane
514 2696 579 2738 non
611 2673 738 2755 mirum,
760 2675 889 2762 prolata
920 2697 992 2740 esse
1014 2675 1168 2740 videntur
1194 2674 1239 2738 ita
1263 2685 1299 2740 ut

200 2802 282 2867 quae
304 2781 344 2846 de
359 2782 505 2847 dramate
527 2781 751 2870 praedicanda
770 2793 880 2848 essent
901 2806 977 2849 casu
995 2782 1148 2867 genetivo
1171 2783 1299 2849 numeri

200 2888 339 2974 pluralis
373 2890 645 2976 exprimerentur.
697 2890 744 2956 sie
774 2891 916 2976 legimus
948 2891 982 2956 in
1015 2914 1142 2977 argum.
1163 2892 1300 2980 Hippol.

200 2997 311 3083 (XIX)
333 2993 374 3064 τδ
393 2999 429 3065 δὲ
451 3001 557 3083 δρᾶμα
578 3002 644 3064 τῶν
666 2994 821 3085 πρώτων,
850 3001 883 3065 in
906 3023 976 3085 arg.
1000 3000 1158 3067 Androm,
1180 3002 1239 3086 (X)
1260 2998 1298 3067 τδ

199 3108 235 3175 δὲ
256 3109 363 3191 δρᾶμα
383 3111 450 3172 των
482 3106 658 3193 δευτέρων,
690 3109 723 3173 in
754 3132 825 3195 arg.
854 3108 911 3176 Or.
932 3109 1009 3194 (VI)
1042 3105 1081 3175 ιδ
1105 3111 1212 3195 δρᾶμα
1233 3114 1300 3176 τῶν
1370 3157 1382 3167 .,
1407 3134 1419 3146 ¹·
1441 3101 1496 3131 ‘⁶‘

199 3218 256 3286 ἐπὶ
291 3221 409 3306 σκηνῆς
436 3210 707 3302 εὐδοκιμούντων.
761 3219 874 3284 similis
910 3219 1070 3305 quaedam
1103 3220 1244 3312 formula
1267 3221 1300 3285 in

200 3327 332 3398 Salustii
363 3337 556 3412 argumento
590 3321 780 3413 Antigonae
818 3327 943 3412 legitur
965 3323 1004 3392 τδ
1026 3328 1085 3411 μὲν
1105 3329 1213 3412 δρᾶμα
1234 3331 1301 3394 τῶν

199 3437 380 3503 καλλίστων
392 3436 602 3527 Σοφοκλέους
615 3442 652 3502 ³⁶.
701 3460 766 3502 non
788 3436 947 3501 inutiliter
976 3460 1051 3501 eum
1073 3438 1227 3504 brevibus
1249 3439 1300 3503 his

200 3547 242 3612 do
269 3547 449 3612 carminum
479 3547 600 3611 virtute
631 3546 912 3612 observationibus
942 3556 1184 3633 comparantur,
1214 3570 1297 3632 quae

200 3655 234 3723 in
257 3653 421 3721 nonnullis
443 3654 643 3739 argumentis
667 3654 912 3720 comoediarum
927 3656 1158 3743 Aristophanis
1180 3656 1222 3721 de
1243 3679 1295 3722 ea-

203 3815 399 3826 —-.——-....

305 3911 340 3963 36
360 3908 436 3976 Quae
454 3908 483 3963 in
495 3908 610 3964 Salustii
624 3913 789 3981 argumento
809 3909 844 3965 de
862 3910 957 3980 mytho
969 3910 1128 3982 Antigonae
1147 3916 1303 3981 sequuntur

199 4003 234 4058 ab
253 4004 315 4059 aliis
333 4005 425 4074 poetis
444 4003 527 4060 aliter
553 4009 667 4061 narrato
697 4009 726 4061 ot
751 4010 886 4060 exornato
911 4008 1016 4060 nullam
1042 4006 1145 4062 habent
1167 4025 1231 4062 cum
1248 4008 1298 4063 illo

199 4101 235 4155 ds
253 4101 426 4171 praestantia
450 4102 561 4157 fabulae
588 4102 692 4157 iudicio
718 4103 960 4168 necessitudinem,
989 4122 1074 4174 quare
1096 4108 1203 4160 temere
1229 4106 1298 4159 mihi

153 4244 155 4250 .
199 4197 331 4253 videntur
348 4202 514 4269 argumenta
522 4200 718 4270 Aristophanis
735 4200 904 4271 Salustiique
922 4201 983 4256 inu
1001 4219 1062 4257 esse
1080 4205 1189 4258 secreta
1207 4204 1236 4257 et
1248 4203 1298 4257 Sa-

198 4294 278 4350 lustii
294 4312 396 4350 nomen
413 4299 479 4366 post
494 4296 565 4351 illud
581 4295 718 4351 iudicium
739 4297 907 4368 ponendam.
