3000 5176
700 319 774 399 „41

201 507 232 574 α’
253 499 424 574 hornast:
459 505 603 572 ἐνταῦθα
631 501 792 595 ἐφύλαξεν
824 503 841 572 ὁ
876 500 1054 593 Εὐρυτίδης
1084 502 1122 570 τό
1156 501 1299 591 ἡρωικόν

203 603 298 702 ἦθος.
322 608 365 683 ου’
376 612 437 703 γὰρ
450 619 650 696 ταπεινῶς
664 609 746 683 ἄλλα
755 615 839 701 μετὰ
849 615 1033 703 παρρησίας
1043 611 1101 703 τὴν
1113 614 1299 701 Πολυξένην

202 725 305 812 λέγειν
327 721 520 813 εἰσήνεγκεν.
551 727 609 792 cfr.
634 727 735 792 schol.
757 728 844 794 Med.
867 727 938 793 823.
963 727 1054 791 1046.
1088 736 1120 790 ct
1143 726 1299 791 defensor

203 835 378 924 Euripidis,
408 859 504 923 quem
527 836 623 901 modo
649 835 788 902 vidimus
814 835 1043 924 Aristophanis
1067 835 1297 921 castigationes

200 944 328 1010 fortiter
349 945 610 1033 impugnantem,
633 969 690 1011 suo
708 969 804 1014 >more
830 946 870 1011 de
893 946 1297 1033 magnanimitatcperso-

200 1077 315 1120 uarum
338 1054 419 1120 dicit
440 1054 473 1119 in
497 1055 599 1121 schol.
621 1055 745 1120 Phoeu.
767 1056 828 1120 909
852 1050 968 1138 βούλει
999 1049 1181 1140 παρόντοςε
1217 1049 1295 1127 ἔδει,

201 1163 283 1253 φασί
289 1168 327 1247 ⁴⁷,
349 1159 395 1251 μή
418 1156 551 1247 όντικρό
573 1168 632 1232 τοῦ
646 1162 837 1242 Μενοικέως
857 1164 960 1249 λέγειν
978 1160 1018 1227 τα
1035 1162 1115 1248 περὶ
1134 1166 1192 1250 τῆς
1212 1186 1297 1250 σιμα-

198 1277 258 1360 γῆς
287 1267 400 1353 αὐτοῦ,
432 1266 500 1340 ἀλλ’
530 1270 644 1357 ῶσπερ
676 1273 729 1338 καὶ
758 1271 901 1358 ἑτέρωθι
923 1278 1015 1339 ποιεῖ
1042 1269 1298 1357 <10n.v.1503>

197 1368 297 1467 ιδεῦρ’
322 1381 408 1467 ἔλθ’,
432 1385 465 1463 ές
486 1371 543 1464 orig
565 1376 640 1451 uor'.
663 1384 749 1468 λέγοι
770 1385 797 1449 d’
815 1375 854 1448 όν
875 1409 924 1462 τις
946 1379 997 1449 ὅτι
1009 1378 1152 1469 γεννικόν
1173 1379 1241 1447 ἐστι
1259 1378 1297 1444 τό

134 1548 137 1553 .
198 1487 383 1576 πρόσωπον
401 1493 455 1557 καὶ
473 1488 660 1583 φιλόδοξον,
681 1488 728 1570 ῶς
747 1492 801 1556 καὶ
822 1489 880 1578 τὴν
898 1489 1004 1578 ψυχὴν
1024 1490 1192 1575 προέσθαι
1213 1485 1296 1573 ὑπὲρ

198 1599 355 1679 εὐκλείας.
404 1623 486 1687 quae
514 1601 555 1667 de
582 1601 752 1687 Antigona
775 1603 972 1687 Ismenaque
995 1601 1148 1666 dicuutur
1170 1599 1204 1663 in
1226 1622 1297 1682 arg.

200 1709 261 1777 OC
282 1696 364 1798 ἦσαν
384 1709 442 1796 γὰρ
465 1714 532 1774 τῶν
556 1702 700 1795 ἀρσένων
724 1710 803 1794 περὶ
823 1710 881 1776 τόν
902 1709 1028 1793 πατέρα
1048 1702 1296 1796 φιλοστοργότε-

199 1843 250 1901 ραι
275 1820 419 1906 gemella
438 1800 559 1885 labent
579 1820 611 1884 tn
637 1820 752 1884 semu.
777 1818 1040 1903 assignans.
1063 1817 1191 1882 assas
1213 1817 1296 1899 auu,

198 1927 379 2012 dequibus
403 1938 452 1994 sat
476 1938 525 1994 est
548 1929 724 2011 monuisse,
747 1952 818 1994 cum
841 1929 927 1992 infra
944 1927 1134 1993 coniunctas
1149 1926 1296 1991 editurus

197 2036 258 2104 sim
281 2037 449 2125 reliquias,
475 2060 557 2123 quae
580 2038 619 2105 ad
645 2059 857 2126 personarum
879 2059 985 2102 mores
1001 2035 1198 2123 ingeniaque
1220 2059 1297 2124 spe-

198 2131 318 2213 ctent'
758 2209 761 2218 .

281 2258 373 2340 Quae
390 2256 430 2321 de
448 2258 655 2323 celebrata
668 2259 702 2322 in
715 2257 831 2322 fabulis
844 2266 1015 2342 poetarum
1027 2256 1157 2344 patria
1172 2256 1297 2320 monuit

200 2369 450 2457 Aristophanes,
460 2393 573 2437 eorum
586 2368 650 2435 duo
664 2381 839 2457 supersunt
851 2369 884 2434 in
895 2369 1099 2454 argumentis
1112 2371 1296 2454 fragmenta
1369 2369 1371 2373 ’

199 2476 233 2541 in
253 2477 380 2542 XXIF
397 2475 436 2543 τό
458 2477 622 2563 όέόρᾶμα
643 2474 802 2564 ἐγκώμιον
822 2471 976 2565 Ἀθηνῶν
997 2487 1030 2543 et
1050 2479 1083 2543 in
1109 2477 1239 2543 VIIIF
1257 2473 1295 2543 τό

199 2585 235 2652 δέ
255 2588 363 2672 δρᾶμα
382 2590 450 2652 τῶν
471 2592 688 2671 θαυμαστῶν·
721 2581 741 2653 ό
763 2589 816 2655 καὶ
838 2580 899 2676 ἤδη
928 2587 1109 2675 γεγηρακῶς
1136 2584 1154 2654 ὁ
1185 2593 1296 2676 Σοφο-

198 2696 278 2782 κλῆς
308 2694 492 2782 ἐποίησεω,
518 2693 799 2783 χαριζόμενος
829 2690 867 2763 ori
898 2693 1001 2782 μόνον
1027 2697 1293 2787 τῇπατριῗόι,

196 2795 277 2869 οἷλλό
297 2805 350 2870 καὶ
373 2808 420 2892 τῷ
441 2802 562 2872 ἑαυτοῦ
585 2802 693 2893 δήμῳ·
728 2796 768 2893 ἦν
789 2803 848 2892 γὰρ
870 2809 1088 2894 Κολωνῆθεν·
1123 2803 1207 2872 ὥστε
1238 2802 1296 2872 τόν

196 2912 255 2997 μὲν
286 2914 393 3002 δῆμον
422 2914 584 3001 ἐπίσημον
611 2916 791 3000 ἐπιδεῖξαι,
818 2918 1085 3002 χαρίσασθαι
1111 2916 1147 2983 dd
1176 2917 1228 2982 xci
1255 2913 1296 2981 τό

196 3022 330 3109 μέγιστα
351 3028 423 3102 τοῖς
443 3017 643 3111 Ἀθηναίοις,
675 3026 716 3091 δι’
748 3011 794 3090 ῶν
826 3019 1042 3113 όπορθὴτους
1071 3023 1210 3092 ἔσεσθαι
1242 3027 1296 3090 καὶ

195 3136 262 3197 τῶν
282 3131 413 3218 ἐχθρῶν
433 3129 558 3212 αότοός
579 3132 753 3222 κρατήσειν
766 3130 965 3201 ὑποτίθεται
984 3131 1186 3216 ὁΟἷὸίπους,
1209 3157 1295 3218 προ-

196 3246 379 3330 αναφωνῶν
402 3237 454 3308 ότι
473 3239 740 3311 διαστασιόσουσι
755 3240 841 3331 πρός
863 3244 1025 3330 Θηβαίους
1044 3242 1128 3309 ποτὲ
1150 3243 1203 3308 καὶ
1218 3239 1294 3308 τοό-

195 3375 263 3416 των
283 3348 498 3440 κρατήσουσιν
520 3353 555 3419 ἐκ
574 3358 727 3440 χρησμῶν
751 3350 804 3420 διὰ
826 3349 883 3419 τόν
902 3348 1008 3441 τάφον
1029 3351 1145 3418 αὐτοῦ.
1178 3354 1294 3418 harum

195 3461 459 3527 observationum
474 3461 647 3526 admodum
666 3462 789 3526 similes
812 3455 991 3526 satmultae
1011 3462 1042 3525 in
1066 3461 1195 3526 scholiis
1211 3484 1293 3542 ¹cum

196 3570 332 3635 aliarum
355 3571 539 3636 fabularum
563 3581 632 3634 tum
656 3571 755 3658 ipsius
769 3569 891 3657 Oedipi
904 3569 1043 3637 Colonei
1070 3571 1291 3654 inveniuntur,

196 3701 279 3764 quae
311 3679 373 3744 iam
406 3679 534 3745 dicendi
565 3702 688 3766 genere
712 3701 919 3745 communem
954 3680 1095 3766 produnt
1118 3679 1293 3766 originem,

304 3868 338 3918 47
356 3871 434 3918 aaut
452 3866 561 3935 scripsi,
579 3871 651 3937 φησί
669 3865 750 3919 codd.
769 3865 820 3919 cfr.
841 3866 936 3920 scholl.
955 3866 1056 3920 Phoen.
1069 3867 1121 3920 202
1139 3865 1254 3918 Alete.

304 3961 491 4016 assimiliter
511 3961 714 4030 Aristophanes
733 3962 767 4015 de
785 3966 912 4031 tempore
922 3960 1066 4031 Hippolyti
1077 3960 1246 4029 Euripidese
1264 3962 1293 4013 in

197 4056 293 4110 XlXF
317 4058 375 4111 ἔστι
397 4057 429 4110 δὲ
448 4042 525 4117 cirros
543 4055 558 4111 ὁ
576 4052 734 4117 Ἱππόλυτος
758 4051 880 4128 δεύτερος
906 4063 951 4110 καὶ
976 4062 1125 4128 στεφανλτις
1151 4071 1293 4124 προσαγο-

196 4146 351 4223 ρευόμενος.
390 4153 554 4224 ἐμφαίνεται
575 4154 606 4207 δὲ
628 4149 739 4224 ὕστερος
755 4158 958 4226 γεγραμμένος·
985 4151 1016 4207 τὸ
1035 4150 1088 4223 γὰρ
1106 4147 1230 4222 ἀπρεπὲς
1249 4155 1294 4203 καὶ
1343 4171 1347 4176 ’

193 4253 355 4318 κατηγορίας
370 4241 446 4308 ἄξιον
463 4250 494 4304 ἐν
511 4244 594 4320 τούτῳ
614 4244 768 4322 διώρθωται
785 4253 823 4320 τῷ
842 4245 969 4323 δράματι.
1009 4246 1039 4303 τὸ
1063 4248 1095 4301 δὲ
1119 4248 1213 4320 δρᾶμα
1237 4248 1293 4302 τῶν

195 4361 318 4412 πρωτων.
