3000 5176
805 314 824 378 6

267 499 426 586 Aeschyli
448 499 570 582 Prone,
596 499 699 586 Sept,
734 498 841 563 Perse.
864 533 906 546 -
930 501 999 564 nisi
1027 500 1117 588 qnod
1148 503 1182 563 in
1212 499 1302 586 Sept.
1334 515 1364 564 et

268 608 379 673 Persis
403 633 467 673 non
489 607 527 673 τό
553 603 739 696 κεφάλαιον,
760 610 827 689 sed,
852 609 940 697 quod
961 610 1072 673 eodem
1095 610 1191 691 rodit,
1216 608 1235 695 ἡ
1259 605 1364 674 Ιὑπό-

265 723 390 796 θεσις
414 720 533 804 [τρίταν
557 753 611 801 -‚
638 742 719 807 quoae
742 719 875 782 aliunde
898 719 1054 783 docentur
1077 718 1118 783 ob
1141 718 1365 804 Aristophane

257 827 406 910 finxisse,
440 832 473 892 ιἰι
500 842 658 913 promptu
689 840 735 891 est
764 830 938 913 suspicari,
967 832 1214 914 grammaticum
1230 842 1365 914 praeter

267 941 511 1004 continuitatem
539 940 678 1003 aetionis
708 961 803 1002 casus
829 940 1008 1022 primarios
1030 962 1176 1003 seorsum
1199 962 1363 1003 enumero·

267 1054 360 1116 cisse.
383 1049 432 1114 his
455 1071 556 1134 pauca
579 1047 657 1112 mihi
678 1048 829 1112 addenda
851 1058 926 1112 sunt
942 1048 983 1112 de
1002 1048 1240 1132 significatione
1265 1072 1361 1115 voca·

266 1161 418 1227 bulorurn
442 1153 610 1235 ὑπόθεσις
633 1167 665 1222 et
686 1152 875 1246 κεφάλαιον.
922 1180 988 1222 non
1017 1168 1096 1246 puto
1122 1158 1207 1222 enim
1230 1180 1363 1243 prorsus

267 1280 359 1335 recte
390 1268 540 1333 statuisse
573 1266 876 1350 Schneidewinum‚
908 1265 1025 1332 eodem
1058 1267 1166 1332 redire
1193 1267 1364 1352 utriusque

267 1378 356 1443 vocis
379 1376 659 1460 significationem,
683 1398 877 1461 quamquam
902 1398 944 1442 ex
965 1401 1025 1441 usu
1039 1398 1161 1458 earum,
1185 1375 1290 1462 quiin
1307 1398 1363 1440 no·

268 1487 343 1552 stris
371 1485 573 1572 argumentis
607 1487 810 1568 observatur,
843 1495 933 1551 certo
965 1484 1094 1551 definiri
1126 1485 1249 1570 nequit,
1276 1485 1364 1570 quod

267 1595 352 1661 inter
374 1594 447 1659 illas
466 1593 649 1658 intercedat
672 1593 859 1659 discrimen.
907 1590 1076 1682 κεφάλαια,
1110 1605 1146 1659 ut
1171 1594 1365 1659 Latinorum

268 1704 424 1788 capitula,
444 1702 616 1791 primarios
640 1703 770 1768 fabulae
795 1727 889 1768 cesus
913 1703 1111 1789 significare,
1128 1714 1217 1768 recte
1238 1702 1365 1767 intelle·

268 1815 317 1877 xit
342 1810 625 1880 Schneidewinus.
651 1812 766 1877 eodem
790 1835 888 1878 sensu
912 1823 1104 1900 usurpatum
1129 1834 1200 1878 esse
1222 1811 1364 1876 vocabu·

269 1921 337 1986 lum
363 1914 529 1998 ὑπόθεσις
550 1920 749 1986 concludere
772 1921 879 2008 potuit
902 1944 943 1985 ex
967 1945 1038 2007 arg.
1062 1922 1153 2006 Sept.
1176 1916 1196 2006 ἦ
1220 1919 1256 1986 δὲ
1277 1914 1364 1986 ὑπό-

268 2034 365 2106 eroes·
387 2027 522 2112 στρατιαὶ
543 2021 697 2115 Ἀργείων
718 2031 947 2113 πολιορκοῦσα
960 2029 1124 2116 Θηβαίους
1145 2028 1225 2108 τούς
1244 2028 1297 2094 καὶ
1319 2053 1366 2093 νι-

268 2133 428 2226 κήσαντας
451 2137 504 2203 ναί
528 2137 676 2218 θάνατος
710 2132 914 2218 Ἐτεοκλέους
947 2141 1001 2205 καί
1031 2138 1261 2220 Πολυνείκους,
1291 2160 1365 2203 nam

268 2248 404 2313 fratrum
428 2272 514 2314 mors
538 2258 636 2336 eaput
653 2260 702 2314 est
724 2250 925 2334 tragoediae.
947 2259 1082 2337 apparet
1103 2258 1211 2312 autem
1233 2269 1275 2313 ex
1295 2267 1364 2330 arg.

270 2359 445 2423 Persarum
476 2353 496 2443 ἡ
529 2357 564 2423 δὲ
597 2354 782 2436 ὑπόθεσις·
820 2358 942 2445 Ξέρξης
973 2353 1255 2443 στρατευσάμενος
1284 2355 1365 2422 κατὰ

267 2461 418 2544 Ἑλλάδος
440 2467 495 2531 καὶ
517 2468 599 2556 πεζῇ
614 2466 673 2550 μὲν
688 2467 721 2532 ἐν
735 2468 919 2546 Πλαταιαῖς
940 2467 1094 2554 νικηθείς,
1119 2470 1249 2557 ναυτικῇ
1273 2464 1309 2532 δὲ
1330 2465 1364 2532 ε’ν

269 2576 427 2658 Σαλαμῖνι
450 2571 503 2640 διὰ
527 2574 708 2654 Θεσσαλίας
720 2571 853 2663 φεύγων
866 2572 1094 2662 διεπεραιώθη
1106 2573 1153 2654 εἰς
1171 2575 1231 2663 τήν
1243 2574 1364 2657 Ἀσίαν,

269 2684 333 2748 hoe
354 2683 426 2749 loco
449 2678 619 2750 desideum
642 2708 706 2749 non
731 2684 818 2750 idem
843 2707 913 2751 esse
929 2709 966 2750 ac
983 2680 1170 2774 κεφάλαιον,
1192 2709 1266 2750 nam
1283 2706 1365 2772 qnae

272 2803 491 2857 memorantur
516 2817 581 2858 non
605 2804 679 2859 sunt
708 2795 848 2882 capitula
875 2795 1038 2877 dramatis,
1068 2795 1126 2859 sed
1156 2804 1231 2859 ante
1262 2794 1367 2881 ipsam

270 2901 433 2966 actionem
455 2902 584 2968 eadunt.
605 2903 701 2967 latius
724 2903 826 2988 igitur
850 2913 941 2991 patet
957 2904 1151 2989 significatio
1169 2903 1259 2969 vocis
1280 2897 1367 2968 ὑπό-

269 3015 376 3095 θεσις,
409 3034 504 3096 quam
527 3012 573 3076 ita
593 3011 815 3078 definiverim:
837 3007 1012 3095 ὑπόθεσις,
1037 3023 1073 3078 ut
1094 3013 1287 3078 Latinorum
1310 3035 1367 3077 or-

270 3133 466 3206 pnmentnnn,
490 3120 652 3205 siguificat
673 3121 859 3187 universam
882 3124 1059 3204 materiam,
1089 3123 1230 3207 quaein
1262 3133 1367 3188 certas

193 3270 196 3279 -
271 3228 447 3314 particulas
462 3231 630 3318 (capitula)
648 3229 750 3294 divisa
774 3229 910 3296 dramati
932 3231 1079 3297 subiecta
1101 3241 1158 3313 est,
1181 3230 1273 3319 ipsae
1294 3254 1366 3319 par-

272 3336 390 3400 ticulae
410 3348 485 3403 suut
508 3333 678 3426 κεφαλαια.
700 3347 734 3404 in
751 3340 920 3424 signandis
935 3351 1204 3424 argumentorum
1220 3341 1366 3429 partibus

272 3446 329 3510 sub
357 3446 471 3510 eadem
495 3449 604 3513 littera
634 3449 779 3534 Gposui
803 3449 968 3513 enuntiata
1000 3460 1031 3514 et
1062 3472 1145 3534 quae
1167 3449 1367 3537 incipiente

272 3554 380 3619 verbis
402 3550 440 3620 τὸ
464 3554 500 3621 δὲ
521 3551 702 3643 κεφάλαιον
727 3568 865 3644 atquae
889 3582 907 3621 a
928 3558 1038 3624 verbis
1063 3555 1090 3644 ἡ
1105 3557 1143 3624 δὲ
1167 3553 1345 3636 ὑπόθεσις.

440 3909 457 3972 I
481 3917 710 3993 argumentum
733 3906 953 3972 Eumenidum
980 3907 1199 3992 Aeschyleae.

551 4007 811 4103 Ἀριστοφάνους
831 4019 1086 4101 γραμματικοῦὸ.

374 4124 407 4188 Α
449 4115 596 4211 Ὀρέστης
617 4124 651 4191 ἐν
672 4126 817 4214 Δελφοῖς
838 4121 1072 4210 περιεχόμενος
1094 4121 1164 4190 ὑπὸ
1194 4127 1261 4189 τῶν
1283 4117 1369 4209 Ἐρι-

372 4329 388 4382 5
406 4327 514 4382 Nomen
534 4326 729 4397 Aristophanis
749 4328 870 4384 servavit
888 4328 950 4384 cod.
968 4328 1042 4383 Med.
