3000 5176
731 288 769 354 17

198 477 239 545 δέ
261 475 504 562 κατοδυραμένη
524 475 578 540 καὶ
601 471 659 540 τδν
680 467 908 543 Ἀστυάνακτα
930 469 1112 562 κηδεάσασα
1134 470 1220 557 πρὸς
1240 472 1301 552 τάς

194 581 380 664 Ὀδυσσέως
402 575 491 672 ἤχθη
514 580 643 670 σκηνάς,
666 581 772 671 τούτῳ
793 582 958 671 λατρεύειν
979 587 1131 652 δοθεῖσα.

305 695 423 759 desunt
450 692 663 770 BCDEFG.]

276 822 281 831 ·
372 803 456 868 XIX
478 811 705 888 argumentum
726 803 901 890 Hippolyti
925 803 1133 890 Euripideae.

308 912 336 975 (J
377 906 396 998 ἡ
421 909 521 996 σκηνη
545 913 607 974 τοῦ
629 904 793 993 δράματος
817 905 987 976 ὑπόκειται
1009 911 1043 975 ἕν
1070 913 1230 998 Τροιζῆνι.

308 1019 339 1084 D
377 1015 533 1105 ἐδιδάχθη
555 1017 611 1083 ἐπὶ
627 1017 857 1102 Ἐπαμείνονος
869 1009 1029 1104 άρχοντος
1040 1016 1221 1104 ὀλυμπιάδι
1246 1017 1299 1103 πζ

205 1126 274 1195 ἔτει
296 1124 322 1194 δ
328 1180 334 1194 .
350 1132 484 1213 πρῶτος
506 1126 698 1213 Εὐριπίδης,
721 1123 877 1214 δεύτερος
898 1127 1022 1216 Ἰοφῶν,
1046 1127 1156 1213 τρίτος
1170 1119 1255 1194 Ἴων.

312 1237 341 1302 F
381 1235 449 1304 ἔστι
475 1237 511 1303 δέ
534 1221 634 1314 οὗτος
663 1233 896 1315 ὁἸππόλυτος
917 1233 1073 1320 δεύτερος
1100 1239 1153 1303 καὶ
1184 1262 1303 1326 στεφα-

205 1348 277 1426 νίας
298 1341 633 1432 προσαγορευόμενος.
656 1344 844 1434 ἐμφαίνεται
860 1344 896 1411 δέ
919 1341 1056 1430 ὕστερος
1075 1347 1302 1432 γεγραμμένος·

206 1455 246 1522 τδ
267 1456 329 1541 γάρ
351 1449 503 1541 άιιρεπὲς
523 1456 576 1520 καί
599 1455 791 1541 κατηγορίας
812 1449 907 1537 δι’ξιον
930 1450 1088 1541 έντοάτιμ
1110 1451 1299 1539 διώρθωται

206 1570 253 1653 τῷ
275 1562 422 1650 δράματι.
444 1565 482 1630 τδ
507 1565 542 1630 δὲ
565 1565 675 1649 δρᾶμα
697 1568 764 1630 τῶν
785 1560 973 1647 πρώτωνθῑ.

306 1677 423 1741 desunt
449 1671 594 1738 ABEG.

388 1784 452 1848 XX
478 1794 708 1868 argumentum
733 1784 890 1848 Hecubae
915 1782 1123 1871 Euripideae.

311 1891 338 1956 Ο
385 1917 404 1977 η
425 1882 484 1975 μέν
505 1891 604 1977 σκηνη
627 1895 688 1955 τοῦ
712 1887 875 1974 δράματος
902 1887 1075 1956 ὑπόκειται
1102 1890 1136 1954 έν
1157 1915 1195 1979 τη
1216 1882 1302 1954 άντι·

208 2002 312 2083 πέραν
335 2005 394 2086 τῆς
410 1997 529 2077 Τροίας
541 1993 749 2084 Χερρονήσῳ·
771 1996 788 2062 ὸ
809 1997 844 2063 δέ
865 1998 963 2081 χορδς
984 1998 1176 2082 συνέστηκεν
1195 1996 1230 2061 ἐκ
1251 2020 1306 2081 γι·-

208 2110 327 2172 ναικιῖιν
357 2103 604 2187 αἰχμαλωτίδων
637 2101 804 2190 Τρῳάδων
811 2157 820 2188 ,
849 2111 1142 2192 συμπαθησουσοῖν
1170 2107 1306 2190 <Heiut-

211 2215 355 2278 seethius
378 2217 639 2298 συμμαχησασιῦν
661 2215 753 2293 υοδ.>
773 2216 812 2300 τῇ
832 2209 948 2303 Ἑκάβη
964 2219 999 2279 ³2.

313 2321 430 2384 desunt
453 2320 663 2386 ABDXFG.

360 2429 444 2493 XXI
470 2441 700 2512 argumentum
725 2429 920 2518 Supplieurn
944 2430 1152 2520 Euripideae.

315 2535 341 2600 C
383 2532 401 2622 ἡ
425 2535 483 2617 μὲν
504 2534 608 2622 σκηνὴ
632 2538 706 2617 (τοῦ
735 2531 902 2618 δράματος
924 2533 1109 2622 ὑπόκειται)
1133 2541 1167 2605 ἐν
1197 2539 1303 2607 Ἐλευ-

209 2650 284 2726 σῖνι,
308 2641 325 2709 ὁ
352 2645 386 2710 δὲ
407 2641 505 2728 χορὸς
527 2644 745 2731 ισυνέστηκεν)
769 2644 805 2727 ἐξ
826 2638 981 2730 Ἀργείων
1002 2651 1169 2731 γυναικῶν,
1189 2645 1227 2712 αἳ
1246 2672 1308 2732 μη-

209 2755 300 2838 τέρες
322 2741 405 2838 η’σαν
423 2752 478 2835 <Ῥ>
500 2756 566 2816 τῶν
590 2754 623 2818 έν
645 2748 770 2839 Θήβαις
791 2749 1021 2819 πεπτωκότων
1042 2745 1213 2838 άριστέων.

312 2863 343 2927 ff
382 2860 419 2927 τά
443 2863 478 2927 δέ
499 2864 608 2945 δρᾶμα
631 2850 789 2947 ἐγκώμιον
813 2854 972 2948 Ἆθηνιῦν.

310 2973 429 3037 desunt
454 2971 632 3037 llb'fflt'G.

265 3082 364 3146 XXII
388 3090 619 3162 argumentum
643 3078 838 3166 Iphigeniae
861 3077 1020 3144 Tauricae
1046 3076 1253 3164 Euripideae.

311 3193 340 3252 A
387 3179 534 3272 Ὀρέστης
565 3185 647 3251 κατά
680 3187 824 3274 χρησμόν
859 3182 969 3253 έλθιδν
997 3186 1044 3266 εἰς
1075 3183 1224 3270 Ταύρους
1252 3189 1310 3272 τῆς

209 3299 355 3375 Σκυθίας
380 3295 463 3380 μετά
488 3292 641 3361 Πυλάδου
669 3297 906 3382 παρακινηθείς
938 3295 976 3362 τδ
1009 3297 1085 3381 παρ’
1116 3287 1233 3372 αὐτοῖς
1259 3320 1306 3359 τι-

208 3403 359 3491 μώμενον
373 3411 432 3492 τῆς
452 3405 641 3488 Ἀρτέμιδος
663 3401 779 3486 ξόανον
804 3402 988 3492 ὑφελέσθαι
1011 3410 1201 3493 προῃρεῖτο.
1224 3429 1309 3487 προ-

209 3512 320 3580 ελθιδν
346 3515 372 3578 δ’
395 3505 463 3576 άιιδ
488 3516 545 3598 της
569 3507 650 3590 νειιίς
673 3513 726 3576 καὶ
748 3513 862 3601 φανείς
888 3507 955 3577 διεδ
977 3515 1044 3577 των
1067 3510 1228 3577 ἐντοπίων
1243 3508 1309 3596 ἅμα

210 3627 257 3709 τῷ
279 3623 365 3710 φίλην
388 3623 590 3708 συλληφθεὶς
611 3613 740 3709 εἷνηχθη
764 3618 846 3686 κατά
867 3617 925 3684 τόν
936 3622 1013 3703 παρ’
1026 3620 1143 3700 αὐτοῖς
1158 3618 1308 3704 ἐθισμόν,

210 3727 307 3809 ὅπως
327 3735 388 3795 τοῦ
414 3722 674 3816 τῆςΆρτέμιδος
697 3728 788 3815 ἱεροῦ
811 3725 953 3818 σφάγιον
972 3728 1135 3814 γένωνται.
1155 3727 1324 3816 τοιίςγάρ

212 3835 501 3917 καταπλεύσαντας
524 3840 633 3921 ξένους
654 3833 869 3927 α’πέσφαττον
891 3868 909 3904 ιι
933 3868 952 3903 ιι
975 3867 993 3902 ιι

312 4013 343 4062 31
366 4009 467 4077 Ampla
485 4007 596 4062 fabulae
616 4007 816 4060 enarrationis
837 4005 994 4075 anteposita
1012 4005 1098 4060 habet
1116 4005 1239 4060 celarem
1261 4007 1312 4074 By-

210 4107 361 4161 zantinnm.

312 4205 345 4256 32
365 4199 541 4254 Vberrimam
561 4198 648 4267 mythi
667 4197 874 4250 enarrationem
893 4197 955 4250 iure
975 4197 1081 4250 Thema
1100 4197 1237 4266 Magistro
1272 4199 1312 4250 di-

209 4316 294 4368 gnam
312 4301 409 4352 eenset
427 4294 597 4349 Dindorfins.

1114 4392 1131 4441 2
