3000 5176
744 299 786 366 62

216 485 333 549 ascribi
357 496 501 572 possunt,
528 479 1009 567 Τυοεδ.14δοί·ρειοςῗπποςε
1034 489 1200 566 ψυχρῶς
1224 484 1310 571 ἠτυ-

217 621 239 677 ,ιι
250 620 268 659 ο
278 591 322 658 λδ
332 618 351 679 γ
360 620 378 680 η
387 618 430 660 οε
452 590 511 658 τόν
531 595 639 658 ἰ’ππον
658 583 727 656 ἀπὸ
740 595 807 656 τῶν
818 588 981 675 δοράτων
1007 585 1141 676 δ’μεινον
1150 591 1212 679 γᾶρ
1223 592 1313 678 παρὰ

220 703 257 768 τὰ
280 705 386 787 δοῦρα
405 707 615 789 πεποιῆσθαι
638 693 737 788 ἤγουν
757 700 797 766 τὰ
819 699 909 784 §dira
933 699 1092 789 Ὅμηρος·
1126 698 1313 786 δουράτεον,

217 810 239 879 δ’
258 813 325 880 ἔστι
340 809 475 895 ξί-κινον,
497 813 584 897 quod
598 812 801 896 Didymeum
824 834 895 876 esse
918 813 1115 878 documento
1138 823 1186 877 est
1209 813 1311 878 schol.

220 926 320 989 Arist.
343 923 444 1011 Vesp.
467 923 528 986 772
557 918 624 1004 ἅμα
653 922 689 986 δὲ
712 921 819 1004 παίζει
846 919 936 1003 παρὰ
959 919 1018 1007 τήν
1042 926 1099 986 rei·
1122 918 1212 1007 ἡλίου
1236 914 1312 986 ὀνο-

216 1032 345 1116 μασίαν.
389 1034 559 1115 ψυχρῶς
585 1030 621 1096 δὲ
650 1031 800 1110 πέπαιχε,
833 1029 933 1118 φησιν
963 1025 1204 1113 ὁΔίδυμος,
1228 1028 1312 1112 πρὸς

218 1133 368 1224 triduoue.
393 1139 570 1206 notandum
586 1140 779 1203 vocabulum
796 1143 940 1224 ψυχρῶς,
960 1139 1046 1223 quod
1069 1139 1193 1222 legitur
1215 1140 1311 1203 etiam

216 1250 319 1315 schol.
343 1249 462 1314 'l'road
486 1249 537 1329 36,
559 1258 594 1311 ut
616 1242 814 1329 δπόψυχρον
828 1246 899 1312 OT.
911 1246 974 1310 280
996 1259 1028 1311 et
1053 1243 1206 1329 ψυχρευω
1219 1249 1311 1312 Alae.

220 1361 308 1424 1123.

302 1470 522 1554 Quotcunque
535 1467 636 1550 igitur
648 1466 731 1529 locis
743 1466 908 1548 Didymus
928 1487 963 1529 se
984 1475 1125 1551 praestat
1146 1467 1313 1530 cavillato-

217 1600 286 1643 rem
308 1576 487 1665 Euripidis,
510 1599 573 1662 quo
598 1599 635 1639 re
656 1598 734 1641 vera
759 1576 869 1640 nullus
892 1586 987 1662 poeta
1016 1574 1199 1639 uberiorem
1232 1574 1313 1638 vitu-

216 1687 352 1774 perandi
384 1687 570 1750 facultatem
595 1687 731 1772 praebet
755 1684 852 1748 iudici
875 1685 986 1769 paullo
1009 1684 1174 1769 iniquiori,
1204 1694 1311 1749 tamen

218 1796 250 1859 in
272 1794 408 1880 Didymi
433 1795 590 1858 honorem
612 1816 679 1858 non
702 1793 980 1880 praetereundum
1003 1804 1053 1858 est
1073 1793 1213 1873 silentio,
1236 1815 1310 1856 eum

217 1904 249 1968 in
272 1904 331 1968 hac
354 1925 389 1967 re
413 1926 477 1967 non
501 1903 645 1988 opinioni
670 1902 798 1967 cuidam
821 1903 854 1966 in
876 1913 978 1967 artem
992 1903 1202 1988 Euripideum
1216 1925 1310 1987 prae-

218 2022 392 2098 occupatae
418 2010 604 2094 indulgere,
640 2012 696 2076 sed
730 2012 846 2076 iustam
877 2021 910 2076 et
938 2033 979 2076 ex
1006 2012 1137 2095 legibus
1157 2033 1234 2076 suae
1257 2012 1310 2074 vel

218 2121 325 2207 potius
340 2121 571 2207 Aristophanis
591 2122 668 2185 artis
691 2122 824 2185 criticae
847 2120 1018 2185 oriundam
1030 2143 1200 2185 censuram
1219 2143 1312 2185 exer·

218 2252 303 2296 cere.
346 2232 524 2296 clarissime
546 2231 608 2295 hoc
639 2231 715 2294 inde
739 2242 885 2319 apparet,
919 2231 1006 2314 quod
1036 2253 1070 2294 se
1092 2253 1156 2294 non
1181 2241 1312 2294 coercet

219 2341 250 2404 in
271 2340 487 2427 vituperando
512 2363 577 2406 une
601 2340 770 2428 Euripide,
794 2341 850 2405 sed
880 2341 912 2404 in
937 2340 1017 2404 alios
1040 2362 1170 2426 quoque
1203 2350 1314 2427 poetas

219 2448 394 2530 invehitur,
429 2450 484 2513 ubi
517 2461 630 2515 contra
657 2449 735 2515 artis
766 2449 858 2534 leges
888 2471 1039 2536 peccasse
1071 2449 1100 2512 ei
1131 2447 1310 2512 videantur.

219 2553 395 2622 Pindarum
416 2558 576 2624 mendacii
600 2561 781 2625 convicisse
795 2561 975 2646 Didymum
998 2562 1061 2626 iam
1084 2561 1312 2626 animadverti·

218 2689 298 2732 mus.
323 2690 363 2732 nc
376 2668 531 2754 Sophocli
545 2669 687 2752 quidem,
701 2692 796 2754 quem
811 2673 942 2736 summis
955 2672 1106 2736 laudibus
1118 2672 1312 2758 plerumque

218 2776 323 2858 effert,
361 2798 435 2840 eum
458 2778 645 2864 pepercisse
668 2777 846 2844 edocemur
864 2781 997 2846 scholiis
1021 2781 1151 2866 saepius
1174 2778 1313 2843 laudatis

217 2881 257 2946 ad
279 2884 373 2949 Aiae
395 2885 474 2948 1123
497 2896 530 2949 et
553 2885 643 2969 1126,
677 2888 730 2952 ubi
756 2887 994 2971 altercationes,
1029 2910 1111 2973 quae
1134 2887 1175 2952 de
1201 2887 1314 2951 Aiacis

217 2993 375 3057 cadavere
400 2996 592 3081 sepeliendo
617 2996 702 3061 inter
724 2996 889 3062 Teucrum
913 3008 946 3061 et
968 2996 1154 3064 Menelaum
1181 3017 1313 3060 exarse-

217 3112 301 3184 runt,
324 3115 360 3166 ut
382 3104 503 3168 alienas
524 3104 684 3190 stragica
705 3105 904 3172 sublimitate
928 3107 1069 3172 damnat.
1095 3114 1309 3192 quantopere,

216 3222 251 3275 ut
274 3212 336 3277 hoc
358 3211 392 3277 ἐν
413 3208 550 3299 παρόδῳ
581 3214 710 3296 addam,
739 3215 801 3279 hoc
823 3214 943 3280 iudicio
970 3238 988 3278 a
1014 3203 1313 3280 vero'aberraverit

217 3321 353 3407 egregie
372 3323 702 3406 monetWelekerus,
722 3325 775 3410 qui
796 3324 1018 3411 compluribus
1040 3323 1121 3389 locis
1145 3322 1311 3387 subtilium

216 3429 354 3516 Didymi
381 3432 644 3496 observationum
667 3433 825 3498 rationem
851 3433 957 3514 habet,
980 3433 1025 3496 kl.
1048 3432 1134 3496 sehr.
1156 3431 1188 3494 ll
1204 3454 1235 3517 p.
1250 3430 1313 3493 330

218 3539 269 3600 die
296 3541 493 3603 streitredeu
517 3541 674 3605 areisebeu
708 3540 849 3606 Τεαυνοι
880 3543 948 3605 used
980 3541 1040 3606 deu
1073 3541 1214 3605 Atriden
1247 3553 1311 3602 eut-

215 3648 325 3710 lralteu
360 3651 465 3712 weder
498 3665 594 3715 etwas
622 3649 786 3737 frustiqes
821 3652 901 3715 unolz
936 3651 1082 3714 ιτιέδενεε
1104 3685 1145 3695 -
1171 3648 1311 3711 soudern

216 3761 263 3819 sie
287 3756 387 3821 leuben
408 3784 493 3846 qauz
516 3761 577 3823 deu
598 3761 768 3824 character
792 3763 849 3824 der
867 3757 1236 3846 derbeustreitc'pleeiteu
1256 3757 1313 3818 der

217 3867 335 3930 beroen
359 3870 401 3930 im
424 3893 509 3954 epos,
532 3871 581 3933 als
602 3869 859 3958 rauablrtiupe'per,
892 3896 934 3946 αντ
958 3868 1068 3954 befebl
1089 3867 1159 3932 und
1178 3890 1220 3929 αο
1237 3862 1312 3949 fele-

218 3975 279 4040 den
308 3978 493 4062 pewolnrer
526 4004 695 4064 persensu.
731 3983 816 4046 sicut
851 3981 882 4044 in
910 3977 1095 4045 Phoenissis
1128 3973 1312 4053 scholiasta,

219 4107 315 4170 quem
329 4086 508 4173 Didymum
534 4110 604 4154 csse
626 4087 689 4152 iam
705 4111 933 4175 agnoscemus,
957 4088 1114 4152 locustam
1139 4083 1312 4167 vituperat,

218 4193 304 4279 quod
317 4188 375 4260 eris
392 4196 426 4261 ἐν
440 4195 546 4262 δέοντι
557 4198 758 4281 γνωμολογεῖ
770 4190 929 4262 τοιούτων
951 4196 1057 4259 κακῶν
1079 4185 1312 4275 περιεστώτων

219 4306 255 4391 τῇ
269 4297 375 4382 πόλει,
401 4305 444 4368 ita
456 4305 498 4369 ad
511 4301 614 4390 Soph.
632 4303 701 4370 OT.
716 4303 796 4368 1523
814 4303 893 4368 dicit
915 4301 968 4366 καὶ
987 4291 1159 4383 αὐτάρκως
1181 4293 1245 4379 ἔχει
1270 4293 1309 4362 sd
