3000 5176
840 275 880 341 96

400 464 456 530 Αἰ.
478 464 517 529 27
543 462 749 542 ἐπιστάταιςι
772 468 843 541 τοῖς
867 462 1020 548 ποιμέσι·
1044 465 1151 542 καλεῖς
1174 463 1209 530 δέ
1231 467 1340 543 τοῦτο,
1362 465 1416 530 ἵνα

314 571 360 661 μή
385 570 599 660 παραγένοιτό
621 599 671 653 τις
690 567 900 661 ἀπαγγέλλων
922 570 960 641 τδ
983 573 1095 662 σαφές.

400 681 471 749 OC.
497 685 556 748 113
576 678 751 770 σιγησομαί
768 707 823 747 τετ
857 683 910 747 ἵνα
930 678 975 770 μὴ
996 678 1082 766 πρδς
1104 676 1247 758 τούτοις
1268 705 1414 765 προπον-

313 791 518 875 θανομένοος
530 787 547 856 ὁ
559 786 655 877 λόγος
665 789 801 877 γένηται,
812 781 894 856 ἀλλά
905 794 1033 879 τηρηθῂ
1044 794 1147 876 Θησεῖ
1157 788 1414 876 παραγινομένῳ.

284 911 300 960 5
401 900 534 987 Hippol.
560 901 621 963 110
643 895 740 984 ὑμεῖς
760 899 796 965 δέ
819 900 956 978 παῖδεςι
985 899 1199 989 μεταστρέφει
1234 898 1291 965 τδν
1319 894 1416 984 λόγον

314 1011 369 1074 νῦν
390 1005 477 1093 πρδς
496 1003 554 1087 τοῖς
574 1013 725 1094 γυναῖκας
744 1012 806 1074 τοῦ
828 1011 942 1092 χοροῦ,
976 1004 1008 1072 αῖ
1033 1007 1069 1074 δέ
1091 1000 1267 1091 ὀμνύουσιν
1290 1005 1413 1075 οἰκονο-

313 1121 417 1202 μικοῖς
439 1118 493 1183 καὶ
514 1121 644 1184 σιωπᾶν
664 1117 923 1203 ἐπαγγέλλονται.
946 1112 1057 1183 λύοιτο
1080 1113 1139 1204 γὰρ
1152 1111 1191 1181 δν
1210 1116 1250 1181 τά
1263 1121 1319 1203 τῆς
1332 1112 1414 1182 ύπο-

313 1225 453 1305 θέσεως.

398 1336 520 1401 ΕΙοοῐι.
544 1335 605 1400 818
637 1329 788 1417 ξύνοικος
819 1331 954 1419 έσομαιι
986 1330 1087 1400 τὀῦτο
1116 1331 1340 1418 οἰκονομικοῖς.
1383 1329 1412 1399 εἰ
1472 1390 1476 1396 .

268 1459 301 1510 10
313 1469 371 1531 γαρ
393 1436 586 1531 ἀπορήσασα
609 1442 665 1509 ἐπὶ
686 1447 757 1521 τοῖς
780 1433 985 1530 ἠγγελμένοις
1006 1434 1180 1508 ἀπέκαινεν
1200 1438 1328 1529 ἑαυτήν,
1351 1443 1413 1508 διε·

313 1549 407 1619 λύετο
430 1547 505 1639 M
529 1545 705 1629 ὑπόθεσις.

397 1662 451 1729 Αἰ.
471 1662 533 1727 462
555 1661 609 1726 καὶ
631 1664 732 1726 ποῖον
753 1686 795 1744 ογ
796 1686 842 1744 μα
873 1659 975 1744 πατρί
983 1685 990 1725 ι
1024 1655 1207 1788 αἰσγύνεται
1232 1650 1311 1724 ἀνευ
1344 1649 1414 1743 ἀρι-

271 1755 273 1759 ’
313 1771 431 1838 στεύων
450 1775 587 1862 φανῆναι
612 1774 659 1856 τῷ
680 1770 792 1856 πατρὶ,
814 1770 868 1835 καὶ
890 1769 997 1860 φογάς
1019 1764 1157 1835 ἀκούειν.
1180 1767 1357 1852 δαιμονίως
1378 1760 1419 1834 δέ

312 1872 500 1965 ἀνθνπάγει
523 1875 610 1965 αύτῷ
631 1874 672 1942 τὰ
693 1881 751 1967 τῆς
772 1871 970 1964 ἀπαλλαγῆς,
993 1877 1099 1944 καίτοι
1122 1871 1180 1945 ούκ
1198 1869 1413 1957 ἀναλύει,ῖνα

267 2000 299 2050 15
313 2015 357 2076 μη
348 1984 510 2079 λοθῇἡ
490 1983 708 2067 ιδπύθεσις.

399 2098 532 2186 Hippol.
556 2097 683 2161 803-
706 2093 920 2226 οἰκονομικῶς
943 2095 978 2163 δέ
1000 2092 1160 2182 ψεύδεται
1180 2095 1220 2162 τὰ
1241 2092 1343 2162 λοιπὰ
1365 2122 1409 2184 μη

313 2202 468 2274 εἰδέναι(
452 2232 469 2273 ο
492 2201 599 2290 χορός.

396 2316 439 2382 ib.
460 2316 520 2380 521
548 2311 656 2398 ἔασον,
678 2340 705 2379 ω
729 2319 808 2380 παῖε
832 2310 1109 2440 οικονομικοῖτατα
1132 2307 1226 2382 ούδέν
1247 2311 1334 2400 πρδς
1353 2339 1413 2401 την

313 2419 470 2511 ἐρώτησιν
486 2416 657 2510 ἀντέθηκε,
679 2423 784 2489 καίτοι
807 2415 887 2488 αύτν
877 2419 1099 2511 ἐριοτησασα
1121 2420 1179 2511 τὴν
1192 2423 1337 2509 Φαιδραν
1357 2423 1411 2489 διδ

264 2550 299 2601 20
311 2557 342 2599 τι
369 2537 520 2623 φοβοῖτο,
543 2525 626 2600 ἀλλά
646 2529 749 2662 μύνογ
769 2534 878 2621 φησὶν,
901 2529 962 2619 ἐγω
987 2538 1088 2599 ταῦτα
1110 2529 1209 2620 θήσω
1232 2533 1348 2616 καλεῖς,
1371 2526 1411 2598 ού

310 2642 493 2730 βουλομένη
514 2638 694 2730 κατήγορος
716 2639 855 2728 ὕστερον
877 2639 994 2730 έαοτῆς
1016 2645 1209 2771 φωροῖσθαι

396 2752 509 2823 Electr
512 2752 658 2820 1346
625 2776 784 2831 τιςοιτος
795 2753 860 2819 εστ
863 2744 1030 2841 ,ἀδελφέι
1055 2744 1115 2818 οὐκ
1136 2744 1283 2840 ηρώτησε
1306 2755 1405 2817 τοῦτο

310 2850 456 2947 Ὀρέστην
478 2857 643 2946 πρότερον
665 2853 861 2947 Ηλέκτραί
844 2857 911 2927 νπδ
933 2865 990 2948 τῆς
1010 2865 1119 2947 χαρᾶς,
1154 2854 1224 2928 ἀλλ’
1249 2855 1407 2951 ἐφύλαξεν

312 2973 371 3035 νῦν
396 2967 414 3037 ὁ
435 2970 577 3058 ποιητής
601 2968 648 3050 εἰς
670 2969 783 3055 έτερον
805 2962 1058 3057 ἀναγνιορισμύν.

264 3093 298 3144 25
397 3078 468 3147 OT.
490 3081 551 3145 354
572 3075 677 3158 οὕτως
698 3071 838 3159 ἀναιδῶς
859 3079 1055 3166 ἐξεκίνησαςε
1080 3075 1184 3146 οῖεται
1206 3072 1305 3146 αύτδν
1326 3080 1411 3144 πλα-

311 3184 456 3273 σάμενον
480 3186 678 3274 ψεύδεσθαι.
723 3184 859 3268 εἰκότως
885 3190 921 3255 δέ
947 3181 1143 3268 ἀπιστεῖται,
1160 3184 1220 3267 ὀῖς
1248 3188 1289 3254 δι’
1312 3180 1412 3274 δργην

312 3294 456 3384 εῖρηκιύς.
490 3295 519 3364 εἰ
541 3298 576 3364 δέ
598 3293 784 3384 ἐπιστεύθη
804 3299 871 3363 κατ’
894 3289 995 3385 ἀρχὴν
1019 3297 1036 3363 ὁ
1058 3293 1175 3386 μάντις
1195 3292 1235 3361 τά
1258 3293 1331 3383 ἑξῆς
1351 3299 1410 3360 τοῦ

308 3524 441 3598 χρησμὸν
457 3538 533 3590 ειιαι,
554 3526 706 3598 μηδέτερον
723 3520 812 3578 αὐτῶν
829 3519 1032 3597 μόνονηιιόνον
1049 3523 1112 3578 εδδ.
1126 3523 1186 3590 Br.)
1205 3518 1358 3593 πορθήσειν
1376 3520 1405 3576 ιδ

305 3616 396 3677 ”.[λιον

400 3717 503 3771 9falso
521 3717 575 3772 hoo
596 3716 746 3771 scholion'
738 3734 768 3770 m
786 3715 867 3770 libris
886 3733 911 3770 v.
925 3718 976 3770 785
995 3717 1149 3784 ascriptum
1168 3719 1219 3769 est.

385 3815 417 3866 10
434 3809 581 3869 ἀπέκλινεν
598 3813 630 3870 L.
658 3813 734 3882 quod
760 3812 868 3867 correxi
894 3829 928 3866 ex
948 3811 1017 3882 ipsis
1036 3811 1182 3882 Sophoclis
1203 3808 1307 3874 verbis,
1336 3808 1410 3862 unde

310 3909 453 3978 poeticum
465 3908 518 3963 hoo
529 3909 694 3964 vocabulum
706 3907 825 3976 sumpsit
845 3908 1001 3972 scholiasta,
1021 3926 1045 3962 v.
1052 3909 1104 3961 820
1115 3903 1184 3978 πρὸς
1199 3908 1281 3960 ταῦτα
1294 3909 1408 3959 καινέτω
1475 3952 1478 3957 .

311 4026 357 4072 τις,
376 4010 400 4059 εἰ
417 4000 568 4077 βαρύνεται,
589 4006 644 4060 τῶν
661 4005 744 4059 ἔνδον
761 3999 857 4061 ὄντων.

384 4105 416 4155 14
434 4104 574 4155 καὶτοῦτο
593 4094 702 4155 ἀναλύει
721 4100 744 4153 L
763 4101 822 4153 sine
843 4118 933 4154 sensu.
954 4105 1041 4153 καίτοι
1060 4095 1109 4152 ούκ
1128 4092 1237 4151 ἀναλύει.
1261 4097 1279 4150 i.
1300 4112 1322 4151 e.
1341 4096 1408 4149 ‘non

311 4215 426 4252 ancoras
445 4199 538 4263 solvit,
558 4215 593 4251 ne
611 4197 729 4252 tollatur
745 4194 912 4266 hypothesis’
932 4195 1081 4250 Vsenerus.

382 4297 416 4348 27
435 4295 536 4350 Donat.
554 4294 590 4348 ad
609 4293 681 4348 Eun.
703 4293 769 4358 113,
787 4297 822 4347 30
844 4300 868 4347 τι·
887 4314 940 4347 mm
958 4297 1133 4346 remansisset
1152 4295 1296 4345 Chaerea.
1316 4331 1322 4344 .
1345 4331 1350 4343 .
1401 4333 1407 4344 .
