3000 5176
657 281 695 347 81

130 468 207 553 περί
230 463 402 535 Μενελάου
425 469 479 533 καὶ
501 467 667 553 Νέστορος
688 467 742 532 καί
764 459 1003 553 Ἀγαμέμνονος
1032 471 1084 537 καὶ
1112 466 1226 550 ἁπλαῖς

129 578 208 666 περί
230 583 289 645 τοῦ
307 570 464 644 οἷπὸπλου
487 578 618 660 διέξεισι
640 579 693 644 καὶ
717 583 776 645 τοῦ
798 579 953 664 δουρείου
969 581 1089 647 ἵππου.
1114 571 1225 660 ἄλλοις

129 714 164 755 τε
187 689 379 774 πολιορκίαν
399 685 527 776 μακροίν
549 682 611 755 oria
630 679 721 772 δίξιον
742 691 926 776 διηγεῖσθαι
950 682 1062 757 αὐτόν.

229 799 468 862 virescamus
494 797 534 862 ad
554 797 800 884 perlustrandas
829 799 976 864 notiones
1007 823 1024 862 a
1048 800 1226 886 tragoediis

129 905 163 971 in
186 906 315 992 epicum
344 929 475 972 carmen
505 906 683 989 translatis,
713 930 779 971 non
810 907 955 972 subsistit
987 908 1160 973 scholiasta
1191 910 1225 973 in

130 1013 323 1079 adhibendis
345 1015 444 1078 meris
465 1014 662 1096 notionibus,
685 1014 742 1078 sed
766 1036 807 1080 ne
833 1017 979 1080 externis
1004 1017 1136 1102 quidem
1163 1029 1222 1082 tra-

132 1124 323 1209 goediarum
355 1113 508 1189 subsidiis
542 1123 831 1210 instrumentisque
866 1125 1019 1190 destituta
1051 1149 1122 1191 esse
1155 1127 1226 1191 vult

130 1233 274 1297 carmina
284 1231 471 1297 Homerica.
494 1231 624 1320 saepius
638 1231 732 1315 tetigi
750 1234 1021 1317 observationem,
1037 1257 1102 1300 non
1118 1236 1226 1301 omnia

131 1363 214 1426 quae
236 1343 270 1406 in
291 1342 435 1406 dramate
457 1351 598 1426 agantur
621 1340 716 1404 etiam
747 1342 779 1404 in
807 1365 922 1406 scaena
948 1354 980 1408 ct
1009 1354 1085 1409 ante
1110 1345 1224 1410 oeulos

128 1458 350 1535 spectatorum
363 1450 491 1536 peragi,
506 1470 621 1512 verum
633 1450 825 1536 ,conspectui
842 1471 952 1514 eorum
966 1451 1123 1535 subtrahi,
1142 1474 1224 1537 quac

129 1559 200 1624 visu
223 1558 276 1621 vel
299 1557 395 1624 nimis
419 1556 589 1623 horribilia
614 1558 678 1622 sint
702 1558 754 1622 vel
780 1559 952 1624 obscoene.
981 1561 1068 1624 redit
1089 1561 1169 1625 haec
1192 1562 1225 1626 in

128 1667 254 1732 scholio
271 1667 358 1732 BLV
374 1667 454 1730 Ζόὃ
475 1661 596 1751 μισητοί
620 1665 672 1730 καί
693 1657 752 1746 οὐχ
768 1662 952 1750 ἁρμόζοντα
966 1669 1123 1754 βασιλικῷ
1146 1658 1225 1755 ἤδει

127 1772 168 1840 τὰ
186 1771 321 1863 ρήματα·
343 1769 471 1859 τρόπου
493 1769 555 1858 yda
580 1772 774 1839 ἐνδείκνυται
793 1769 986 1861 δηριότητα,
1010 1771 1027 1841 δ
1054 1776 1089 1842 δὲ
1102 1776 1221 1863 ἀκροα-

127 1889 184 1978 τὴς
207 1880 391 1974 &seccanae
414 1883 459 1953 ιδν
478 1891 570 1971 μισεῖ
598 1883 636 1953 τὸ
659 1877 737 1972 δίναν
758 1883 877 1971 πικρδν
907 1888 960 1953 καί
982 1885 1224 1974 ἀπάνθρωπον.

129 1994 212 2066 ὅθεν
244 1993 302 2062 adia
332 2002 405 2076 ταῖς
434 1996 626 2082 τραγῳδίαις
649 1992 896 2082 κρύπτουσι
918 1996 994 2076 τούς
1015 1999 1161 2085 δρῶντας
1181 1997 1223 2066 τα
1249 2060 1253 2066 .

127 2111 261 2174 τοιαῦτα
283 2106 317 2174 ἐν
337 2111 411 2185 ταῖς
431 2111 572 2193 σκηναῖς,
595 2107 648 2171 καί
669 2100 690 2193 ἢ
713 2111 872 2195 φωναῖς
893 2129 1008 2173 τισιν
1032 2105 1226 2191 ἐξακουομέὲ

128 2242 196 2295 ναις
218 2211 239 2303 ἢ
259 2216 299 2281 δι’
319 2207 461 2300 οῖγγέλισν
488 2210 624 2297 ὕστερον
645 2212 838 2300 σημαίνουσι
852 2209 894 2279 asi
906 2214 1106 2297 πραχθέντα,
1132 2208 1225 2281 οδδὲν

128 2315 207 2391 litto
236 2319 443 2413 φοβούμενοι
474 2317 496 2409 ἢ
526 2318 568 2409 <ii
590 2317 797 2411 φοβούμενοι
823 2321 938 2408 codd.)
957 2321 1002 2409 μη
1024 2315 1121 2389 edroi
1143 2346 1224 2407 συμ-

128 2437 299 2521 μισηδαῖσι
316 2438 388 2512 τοῖς
402 2434 626 2517 δρωμένοιςθθ.
649 2433 710 2497 hoe
725 2433 797 2497 loeo
812 2432 997 2514 discrimen,
1019 2431 1107 2517 quod
1122 2432 1223 2496 inter·

129 2543 247 2609 cedere
273 2547 381 2608 monui
407 2544 492 2607 inter
516 2543 639 2608 scholia
661 2541 860 2628 tragicorum
890 2552 922 2605 ct
950 2541 1125 2607 Homerica
1147 2565 1222 2631 per-

129 2676 225 2740 quam
239 2652 366 2734 similia,
389 2651 422 2714 in
444 2650 556 2715 oeulos
579 2651 724 2716 incurrit.
750 2649 988 2738 Aristophanes
1002 2661 1034 2716 et
1046 2651 1222 2737 Didymus,

128 2786 208 2849 quos
233 2763 273 2827 dc
296 2760 410 2826 eadem
435 2760 634 2845 tragicorum
656 2759 894 2825 consuetudine
916 2758 1119 2845 disputantes
1141 2760 1221 2824 vidi-

129 2895 208 2950 mus,
234 2870 314 2936 nihil
334 2872 508 2935 observant
523 2868 584 2932 nisi
609 2879 720 2954 poetas
742 2869 875 2933 solere
899 2890 967 2932 rem
985 2868 1224 2946 itainstituero,

132 2981 337 3068 Porphyrius
369 2989 476 3042 autem
513 2976 566 3041 vol
597 2977 705 3064 potius
736 2999 834 3061 quern
865 2987 940 3041 ante
972 2976 1085 3042 oculos
1113 2977 1224 3041 habuit

131 3088 327 3153 Aristoteles
350 3109 479 3152 causam
506 3107 523 3150 e
547 3094 662 3150 natura
683 3084 824 3148 humane
839 3083 1010 3172 repetitam
1026 3084 1128 3166 addit,
1153 3108 1226 3149 cur

127 3199 209 3262 hano
232 3219 379 3261 normam
402 3197 505 3260 secuti
528 3194 591 3258 sint
614 3190 745 3276 tragici
778 3202 902 3280 spectat
927 3193 988 3257 hoc
1011 3193 1159 3258 scholion
1184 3193 1224 3257 ad

127 3307 215 3371 illam
238 3326 399 3385 scaenam,
421 3304 475 3369 ubi
498 3305 729 3386 Agamemnon
750 3301 895 3382 fratrem,
921 3302 974 3388 qui
990 3299 1123 3365 Adrasti
1149 3324 1223 3387 pre-

128 3416 219 3481 cibus
243 3424 422 3480 commotus
448 3413 561 3476 vivum
589 3412 674 3476 hunc
706 3410 746 3475 ad
773 3432 872 3474 naves
902 3411 1057 3476 ducturus
1084 3421 1142 3492 est,
1171 3412 1224 3475 ad·

130 3527 287 3607 hortatur,
315 3546 354 3589 ne
379 3526 465 3587 vitae
489 3521 558 3587 eius
582 3530 702 3610 parcat,
725 3514 849 3584 ‘nullus
872 3519 1089 3585 Troianorum
1112 3522 1223 3608 perni-

127 3635 210 3699 ciem
235 3645 428 3720 nostrasque
449 3633 584 3718 effugiat
600 3655 724 3712 manus,
748 3652 789 3695 ne
802 3630 828 3694 is
842 3630 986 3715 quidem,
1008 3651 1105 3714 quem
1119 3643 1223 3695 mater

128 3746 231 3808 fetum
255 3746 328 3808 alvo
351 3736 478 3827 gestet'.
524 3741 628 3829 poscit
658 3740 760 3825 igitur
784 3739 967 3819 scholiasta,
1000 3749 1036 3803 ut
1059 3738 1223 3805 Adrastus

128 3854 216 3937 quasi
242 3864 314 3940 post
338 3874 488 3917 scaenam
512 3861 657 3931 necetur,
691 3859 726 3912 ut
757 3872 825 3912 mos
857 3848 897 3911 sit
926 3847 1135 3930 tragicorum,
1169 3847 1223 3933 qui

226 4108 261 4159 80
280 4103 410 4173 Sequitur
429 4102 554 4157 defensio
577 4101 690 4154 Homeri
707 4100 780 4155 haud
798 4100 882 4154 dubie
893 4117 909 4152 a
920 4099 1076 4169 Porphyris
1088 4099 1225 4168 profecta,

127 4202 205 4257 cuius
221 4201 385 4269 primarium
404 4199 551 4254 consilium
566 4202 635 4261 erat,
656 4200 686 4250 ut
704 4197 857 4250 Homerum
876 4201 976 4250 contra
995 4213 1066 4250 vana
1081 4195 1152 4249 Zoili
1166 4196 1225 4250 Me·

127 4298 247 4354 neoratis
269 4297 313 4353 vel
333 4297 422 4366 ipsius
441 4295 602 4349 Aristotelis
624 4294 777 4362 opprobria
795 4297 932 4347 tueretur.

1018 4391 1035 4440 6
