3000 5176
645 325 686 392 63

121 517 236 599 δρᾶμα.
278 511 318 579 roi
345 511 404 600 γὰρ
434 511 507 600 ἑξῆς
537 507 681 578 ἀνοίκεια
709 513 997 598 γνωμολογοῦντος
1030 511 1218 598 Οἰδίποδος,

122 626 273 710 quoniam
297 646 380 710 quae
404 624 501 688 hodia
527 624 628 687 choro
651 623 837 688 tribuuntur
856 622 975 711 Oedipi
989 646 1059 688 esse
1082 627 1218 690 censuit.

123 757 183 798 neo
207 735 343 797 multum
366 757 383 797 a
403 733 567 820 vituperio
592 755 689 796 causa
707 725 816 813 distat,
840 754 934 816 quam
952 732 1114 818 Didymus
1126 732 1220 798 affert

122 843 153 906 in
175 841 300 907 scholio
324 842 388 905 iam
411 864 510 928 supra
533 850 616 904 tacto
635 838 675 903 ad
694 840 788 906 Aiac.
803 839 873 919 815,
896 865 954 905 cur
966 840 1149 929 Sophocles
1171 866 1219 906 so-

123 953 220 1017 lemni
244 975 262 1014 a
285 951 535 1032 consuetudine,
573 959 710 1014 mortem
746 950 871 1014 scilicet
901 951 1038 1016 alicuius
1060 973 1220 1037 personae

122 1072 283 1127 nonanta
307 1061 420 1125 oeulos
448 1070 671 1144 spectatorum
703 1059 849 1147 ponendi
884 1061 941 1125 scd
979 1083 1038 1147 per
1073 1062 1220 1125 nuntium

123 1170 309 1253 enarrandi,
326 1170 508 1234 decesserit
521 1180 619 1253 atque
635 1170 771 1233 Aiacem
787 1169 958 1234 induxerit
969 1169 1002 1234 in
1018 1173 1089 1256 ipsa
1103 1191 1222 1233 scaena

123 1279 232 1367 gladio
256 1301 289 1343 sc
312 1278 566 1366 perfodientem.
613 1280 674 1342 iam
707 1279 829 1362 monui,
853 1279 937 1343 hanc
961 1279 1221 1344 observationem

122 1388 301 1455 arctissime
323 1390 501 1452 cohaerere
525 1411 600 1452 cum
624 1398 701 1451 nota
722 1387 778 1451 illa
795 1387 1036 1472 Aristophanis
1062 1411 1156 1471 quarn
1180 1386 1221 1451 de

124 1508 227 1563 morte
240 1496 503 1582 Agamemnonis
516 1498 554 1560 ab
569 1497 738 1582 Aeschylo
760 1495 893 1583 proprio
918 1496 1058 1579 quodam
1084 1496 1221 1561 artificio

123 1615 341 1695 spectatorum
368 1604 468 1669 menti
491 1604 665 1669 informata
687 1615 881 1686 argumento
913 1626 970 1668 suo
997 1603 1146 1691 ascripsit
1176 1606 1186 1672 l
1193 1629 1221 1670 v.

124 1738 154 1801 p.
168 1717 318 1800 Absqq.).
341 1713 462 1779 ibidem
483 1714 641 1777 nonnulla
661 1713 786 1777 scholia
808 1714 846 1778 ad
871 1713 1095 1778 illustrandam
1110 1724 1219 1777 notam

125 1826 187 1889 iam
216 1825 327 1908 attuli,
360 1824 472 1889 Aiacis
507 1824 582 1887 huic
613 1824 687 1889 loco
722 1823 905 1906 reservavi,
936 1822 1055 1908 quippe
1088 1844 1151 1909 quo
1182 1822 1220 1885 ad

125 1934 349 2019 quaestionem
371 1932 537 2013 ducamur,
561 1954 643 2017 quae
668 1933 781 2018 paucis
803 1931 1024 1996 adumbranda
1049 1931 1119 1999 erit.
1163 1933 1222 1995 ub-

125 2052 234 2109 servat
255 2042 368 2126 igitur,
390 2052 425 2107 ut
448 2041 542 2107 nobis
569 2042 632 2106 iam
658 2041 804 2106 breviter
819 2042 906 2129 loqui
925 2042 1011 2123 licet,
1039 2042 1219 2127 Didymus:

125 2147 311 2235 μετάκειται
339 2146 477 2237 ἦσκηνλ
502 2150 553 2216 ἐπ’
577 2146 697 2237 ἐρήμου
720 2147 808 2228 τινὸς
830 2152 962 2235 χωρίου,
985 2148 1070 2217 ἔνθα
1093 2147 1110 2218 ὁ
1133 2146 1224 2230 Αῖας

125 2254 318 2347 εὐτρεπίσας
337 2256 375 2326 τὰ
398 2260 494 2348 ξίφος
519 2259 612 2346 ρῆσῖν
635 2284 707 2325 τινα
729 2255 796 2345 πρὸ
817 2265 876 2326 τοῦ
893 2256 1040 2325 θανάτου
1055 2261 1224 2347 προφέρε-

125 2395 188 2455 ται,
210 2369 284 2435 ἐπεὶ
298 2370 427 2454 γελοῖον
447 2356 485 2456 ἦν
506 2364 625 2456 κωφὸνΙ
638 2363 833 2434 εἰσελθόντα
853 2373 1049 2452 περιπεσεῖν
1063 2372 1110 2455 τῷ
1127 2369 1224 2457 ξίφει.

128 2477 197 2546 ἔστι
223 2479 260 2545 δὲ
288 2474 328 2545 τὰ
358 2483 493 2544 τοιαῦτα
520 2474 611 2563 παρὰ
640 2483 711 2555 τοῖς
732 2479 886 2554 παλαιοῖς
907 2473 1037 2544 σπάνια.
1083 2473 1225 2546 εἰώθασι

124 2583 183 2674 γὰρ
205 2585 246 2653 τὰ
266 2588 480 2673 πεπραγμένα
499 2589 539 2654 δι’
562 2581 703 2674 ἀγγέλων
724 2580 946 2672 ἀπαγγέλλειν.
983 2587 1015 2651 τί
1037 2575 1153 2653 οὖντὸ
1175 2583 1226 2653 αῖ-

126 2722 214 2776 τιον,·
235 2693 358 2785 φθάνει
381 2693 550 2779 Αἰσχύλος
572 2697 606 2763 ἐν
629 2693 793 2786 Θρῄσσαις
814 2693 873 2783 τὴν
893 2689 1057 2780 ἀναίρεσιν
1077 2693 1227 2776 Αἴαντος

127 2807 167 2871 δι’
187 2797 320 2890 ἀγγέλου
346 2798 562 2891 ἀπαγγείλας·
597 2800 679 2883 ῖσισς
709 2791 766 2869 οὖν
790 2810 997 2888 καινοτομεῖν
1023 2801 1225 2889 βουλόμενος

129 2916 182 2980 καὶ
203 2914 248 3002 μὴ
272 2914 532 2981 κατακολουθεῖν
558 2918 630 2992 τοῖς
659 2911 771 2998 ἑτέρου
792 2910 881 2992 τινάς
899 2911 954 2979 ὑπ’
980 2905 1060 2999 iilum
1079 2919 1164 3001 θῆκε
1186 2911 1224 2979 τι)
1314 2978 1317 2983 ,
1346 2930 1350 2937 “

127 3021 301 3109 δρώμενον.
325 3021 345 3112 ἢ
364 3025 487 3108 μᾶλλον
509 3023 665 3112 ἐκπλῆξαι
684 3019 894 3107 βουλόμενος·
918 3022 988 3111 εἰκῆ
1009 3019 1068 3109 γάρ
1090 3047 1227 3111 κατηγο-

128 3138 197 3218 ρεῖν
219 3125 335 3218 ἀνδρὸς
355 3133 498 3198 παλαιοῦ
521 3124 580 3214 ccix
602 3127 694 3199 ὅσιον
717 3125 793 3197 οὐδὲ
813 3132 938 3198 δίκαιον
947 3137 983 3196 ⁶7.
1005 3133 1110 3219 potuit
1122 3132 1225 3218 igitur

129 3242 291 3326 Didymus
326 3243 449 3307 nullam
488 3242 582 3306 aliam
618 3242 768 3307 insolitae
802 3241 977 3329 Sophoclis
1016 3240 1226 3306 oeconomiae

128 3374 256 3416 causam
280 3352 448 3436 detegere,
472 3352 534 3417 nisi
559 3351 646 3436 quod
660 3343 820 3415 ‘fortasse’
841 3372 909 3415 ram
933 3369 1053 3415 novare
1079 3350 1227 3415 studeret

128 3460 323 3547 Sophocles,
347 3485 418 3526 cnm
442 3459 605 3545 Aeschyli
627 3461 661 3523 in
684 3460 836 3524 Thressis
862 3459 974 3524 Aiacis
997 3469 1134 3524 mortem
1166 3481 1225 3546 per

130 3561 279 3635 nuntium
306 3570 487 3634 enarrantis
512 3569 651 3652 vestigia
673 3570 764 3653 sequi
788 3571 901 3635 nollet.
931 3568 991 3634 hac
1017 3579 1225 3653 argumenta·

131 3679 219 3743 tione
242 3701 436 3764 quamquam
463 3678 651 3743 dubitanter
675 3679 800 3766 prolata
824 3679 899 3742 lene
923 3677 1085 3762 quoddam
1109 3700 1225 3766 oppro-

130 3787 237 3853 brium
263 3789 297 3850 in
322 3788 521 3876 Sophoclem
547 3787 706 3870 contineri
731 3801 831 3851 nemo
859 3809 924 3851 non
953 3787 1052 3870 videt,
1086 3798 1119 3851 ct
1145 3787 1228 3852 vidit

129 3897 225 3961 etiam
250 3898 333 3962 alter
355 3897 539 3979 scholiasta,
562 3897 616 3981 qui
639 3896 810 3961 manifesta
833 3897 873 3961 de
894 3908 959 3961 tam
981 3897 1039 3960 vili
1062 3919 1159 3962 causa
1181 3898 1227 3959 in-

130 3996 323 4090 dignatione
344 4018 461 4089 motus,
496 4029 560 4072 non
586 4016 650 4070 tam
678 4029 798 4071 novare
822 4028 893 4070 rem
915 4006 1058 4071 voluisse
1085 4016 1229 4093 poetam,

130 4136 228 4200 quam
252 4115 391 4179 terribili
418 4125 550 4202 aspectu
577 4115 733 4178 maiorem
757 4114 892 4178 iniicere
915 4124 1073 4178 terrorem
1098 4122 1223 4200 speetu-

231 4356 264 4406 67
284 4350 354 4407 utet
374 4355 478 4406 (llantur
496 4353 575 4406 addit
588 4352 619 4406 G.
