3000 5176
746 315 807 379 130
877 400 880 405 Ι

224 493 321 583 λόγον
342 497 500 583 ίποσχεῖν
521 496 619 566 κάτω.
651 484 887 585 ἐπεμβέδληται
911 501 1066 565 δὲταῦτα
1086 505 1159 578 τοῖς
1180 495 1325 587 ποιήμα-
1396 554 1400 561 .

224 634 276 678 σιν
296 602 356 676 οόκ
374 602 512 694 οἷχρείως
531 608 580 689 εἰς
599 603 766 692 εόσίβειαν
787 604 1051 694 προτρεπόμενα.
1230 598 1233 603 ’

307 721 404 789 Eum.
425 723 466 788 95
486 756 528 770 -
548 716 741 787 παιδειτικὰ
762 719 799 786 δὲ
828 723 938 785 ταίτα·
959 720 998 786 τό
1023 714 1081 806 γὰρ
1101 717 1179 799 τούς
1200 721 1326 807 ἐναγεῖς

223 831 278 897 καὶ
299 826 383 916 μετὰ
402 825 547 919 θάνατον
567 824 634 895 ὗπό
660 831 783 914 νεκρῶν
814 822 1032 913 ἀτιμάζεσθαι
1064 824 1183 908 ίκανῶς
1215 826 1325 912 ἔχεται

194 935 442 1019 επαιδεόσεως.
1144 939 1147 945 ’
1186 992 1189 996 .

309 1048 378 1116 OT.
402 1050 465 1114 314
496 1038 598 1133 ι’ίνδρα
626 1049 654 1114 δ
686 1040 829 1136 ωἰηελεῖν
861 1039 918 1135 αφ’
943 1032 1035 1133 [ῶν]ι
1070 1043 1324 1126 παιδευτικδςό

223 1153 329 1244 λόγος.
373 1154 441 1224 ἔδει
461 1154 608 1236 ἅπαντας
628 1149 685 1247 σίηί
709 1142 755 1221 ῶν
776 1153 928 1222 δύναιντο
952 1148 1094 1244 ῶφελεῖν
1115 1153 1193 1236 τούς
1211 1157 1325 1236 πέλας.

307 1268 362 1333 Αἰ.
389 1268 468 1332 1319
495 1263 577 1352 βοὴν
599 1258 792 1348 Ἀτρειδῶνι
829 1256 888 1330 ota
919 1264 956 1347 ἐξ
981 1261 1115 1349 ἑτοίμου
1139 1266 1249 1355 φησὶν,
1272 1261 1326 1333 ότι

222 1371 297 1464 ἥκοι
309 1367 494 1442 ἆναστελῶν
509 1370 567 1441 τδν
579 1367 810 1461 Ἀγαμέμνονα,
832 1367 900 1440 ἄλλ’
925 1369 1161 1458 ἐπιμελόμενος
1172 1375 1205 1440 τί
1218 1371 1325 1462 πράτ-

177 1502 211 1552 10
222 1509 334 1551 τοισιν
356 1480 386 1551 οῖ
408 1485 570 1567 βασιλεῖς·
594 1485 652 1572 τὴν
673 1484 708 1551 δὲ
725 1481 842 1550 ἑαυτοῦ
865 1478 993 1570 γνῶμην
1024 1477 1168 1571 ἐδήλωσε
1189 1480 1243 1550 διδ
1264 1467 1326 1551 τοῦ

220 1586 358 1680 (ἂλκίμηι
380 1586 503 1680 νέκρηί,
535 1588 587 1659 ότι
615 1592 761 1678 γενναίαν
781 1584 882 1658 αὐτοῦ
912 1587 1059 1678 ἐδήλωσε
1082 1588 1140 1680 τὴν
1162 1589 1351 1683 τελευτήν.-

223 1699 370 1772 διδάσκει
393 1704 428 1771 δὲ
451 1699 468 1768 ό
491 1688 597 1788 λόγος,
627 1699 678 1769 δτι
704 1702 743 1769 οὐ
772 1704 824 1769 δεῖ
846 1701 928 1767 κακὰ
948 1696 1030 1766 κατὰ
1051 1697 1250 1769 τεθνεώτων
1272 1703 1326 1769 λε’-
1431 1718 1434 1723 ’

222 1800 298 1900 γειν,
321 1807 380 1878 κόν
402 1811 520 1896 ἐχθροί
542 1799 631 1878 ῶσιν.

305 1922 428 1989 Electr.
449 1923 490 1987 23
518 1916 663 1987 διδάσκει
690 1915 778 2007 ἡμᾶς
808 1915 826 1985 ό
855 1916 951 2006 λόγος
972 1921 1050 2005 μεθ’
1086 1919 1166 1985 οἵων
1194 1912 1323 2006 υῖνδρῶν

177 2044 210 2098 15
223 2032 275 2098 δεῖ
294 2027 335 2095 τὰ
355 2022 527 2118 ἀπόρρητα
544 2036 655 2097 ποιεῖν
674 2029 728 2095 καὶ
747 2028 858 2115 λέγειν.
970 2012 973 2018 ¹

307 2141 457 2221 Ai.1091
480 2131 554 2224 [οὖν
575 2132 713 2219 όίνποδ,
728 2128 853 2224 όίνδρες,
873 2128 1006 2224 όίνδρα];
1029 2135 1097 2222 πρδ
1120 2143 1179 2226 τῆς
1195 2131 1324 2205 ἀντιλο-

221 2250 292 2337 γίας
311 2245 468 2334 βούλεται
495 2242 638 2333 μαλάξαι
665 2246 724 2312 τδν
752 2246 931 2326 Μενέλαον,
963 2243 1017 2315 ότι
1046 2242 1175 2336 εόγενης
1197 2243 1243 2314 ῶν
1265 2241 1325 2315 οίκ

313 2414 330 2464 2
349 2412 384 2466 de
401 2410 547 2481 Sophoclis
567 2429 634 2481 erga
651 2410 718 2465 deos
736 2410 840 2479 pietate
858 2410 987 2479 pluribus
1006 2409 1075 2464 locis
1093 2413 1190 2463 monet
1208 2407 1326 2463 scholia-

194 2578 198 2587 .
223 2511 268 2562 sta
287 2507 436 2578 studetque
454 2524 589 2562 excusare
607 2507 652 2563 vel
666 2506 815 2576 explicare,
834 2506 884 2560 ubi
904 2510 1010 2560 temere
1031 2505 1098 2574 quid
1115 2506 1145 2560 in
1163 2523 1211 2560 eos
1230 2505 1324 2575 videa·

223 2610 270 2660 tur
288 2605 393 2659 dixisse
411 2608 504 2675 poeta.
524 2604 574 2659 cfr.
585 2623 612 2673 p.
623 2607 665 2660 57.
684 2603 734 2657 hos
751 2602 854 2673 'collegi
874 2602 969 2657 locos:
991 2603 1034 2656 El.
1048 2605 1099 2657 831
1119 2602 1180 2673 (cfr.
1200 2602 1237 2658 ib.
1257 2603 1322 2672 307)
1417 2584 1419 2589 ¹

223 2697 349 2760 ἆπολεῖςτ
366 2702 517 2772 δαιμονίως
535 2702 614 2754 τοῦτο
633 2694 781 2768 ἐπήγαγεν.
819 2695 851 2752 οὗ
872 2696 925 2769 γὰρ
943 2692 1107 2770 ἆμελήσασα
1125 2700 1180 2753 τῶν
1198 2695 1255 2752 ἀπὸ
1275 2699 1323 2752 τοῦ

220 2798 308 2869 χοροῦ
326 2792 511 2869 ἐπιτιμήσεων
525 2798 583 2868 ἐρεῖ
590 2817 614 2849 τι
633 2793 804 2866 ἀπρεπέςείς
814 2791 878 2856 τοὺς
891 2792 981 2859 θεοὺς,
998 2797 1060 2850 ἐπεὶ
1077 2799 1123 2849 καὶ
1140 2797 1236 2854 τελέως
1253 2791 1324 2867 ἀμη-

220 2901 303 2966 χανεῑ
319 2892 334 2948 ὁ
353 2894 501 2966 Σοφοκλῆς
519 2896 558 2953 τίς
575 2889 636 2952 τοὺς
653 2890 735 2953 θεοὺς
752 2893 936 2964 βλασφημῶν,
957 2889 1064 2962 καὶγὰρ
1081 2886 1118 2951 εἷς
1135 2883 1168 2958 ἦν
1185 2892 1240 2946 τῶν
1259 2898 1324 2945 θεο-

225 2984 404 3060 σερεεττίτων,
430 2987 487 3044 ἀλλ’
508 2987 602 3062 ὥσπερ
621 2991 838 3062 δυσχεραίνουσα
863 2995 922 3049 ταῖς
938 2985 1131 3059 ἐπιτιμήσεων
1149 2985 1186 3048 ῶς
1203 2995 1325 3060 ψυχραῖς

222 3090 301 3144 τοῦτο
320 3093 416 3161 φησίν.
434 3087 471 3144 ib.
482 3090 534 3142 823
554 3087 608 3140 ποῦ
625 3103 692 3140 ποτε
706 3089 831 3157 κεραυνοὶ
841 3082 921 3145 Διός;
941 3086 972 3139 ἐν
988 3091 1044 3143 τοῖς
1061 3085 1225 3155 ἔμπροσθεν
1237 3105 1325 3156 παρα.

222 3178 400 3256 μυθοόμενος
417 3181 432 3237 ὁ
451 3179 537 3254 χορὸς
555 3179 604 3248 τὴν
618 3177 766 3251 Ἠλέκτραν
783 3182 877 3250 ἔλεγεν
889 3183 925 3248 (v.
936 3180 996 3245 173)
1014 3173 1124 3250 ιθόρσει
1141 3199 1199 3251 μοι,
1217 3185 1324 3250 τεκνον,

223 3275 335 3350 θάρσει·
356 3281 414 3333 ἐστι
432 3283 522 3351 μέγας
539 3279 571 3332 ἐν
589 3274 695 3348 οὐρανῷ
713 3270 787 3335 Ζεύς’
808 3273 902 3329 καὶτὰ
921 3275 986 3341 ἑξῆς.
1009 3276 1058 3330 νῦν
1078 3266 1127 3330 οὖν
1145 3270 1325 3347 πανταχόθεν

221 3373 440 3447 ἀπεγνωσμένης
458 3375 504 3443 τῆς
514 3379 646 3445 σωτηρίας
657 3377 704 3427 καὶ
716 3378 897 3445 προτεθείσης
914 3374 959 3440 τῆς
977 3368 1045 3425 κατίι
1063 3368 1245 3443 τὸνὈρίστην
1256 3389 1325 3443 συμ-

223 3475 312 3546 φορᾶς
320 3466 429 3530 εέκότως
438 3466 747 3542 παρακεκινδυνευμίνῳ
756 3464 874 3540 τῷλόγῳ
884 3462 1027 3540 ἐχρήσατο,
1040 3465 1109 3522 ὥστε
1120 3473 1165 3522 καὶ
1174 3472 1238 3541 περὶ
1247 3470 1323 3524 θεῶν

222 3591 247 3625 τι
265 3575 354 3624 εἰπεῖν
370 3574 415 3623 καὶ
427 3564 517 3637 [ὅλως]
528 3563 722 3640 ἀμφιβόλλειν,
741 3571 765 3619 εἰ
783 3562 852 3627 ὅλως
868 3568 900 3621 ἐν
917 3561 1023 3636 οὐρανῷ
1042 3570 1121 3633 εἰσιν,
1141 3571 1168 3619 εἴ·
1182 3583 1215 3636 γε
1232 3583 1324 3634 περιο-

222 3667 290 3740 ρῶσι
309 3667 416 3721 τοιαῦτα
429 3662 573 3738 γινόμενα.
592 3665 636 3718 Ai.
647 3666 680 3718 79
690 3660 789 3718 οὐκοῦν
806 3666 892 3734 γέλως
909 3662 1020 3730 ἥδιστος
1036 3666 1074 3722 εἰς
1091 3657 1223 3734 ἐχθροὺςτ
1243 3665 1323 3730 σκλη-

126 3837 131 3844 ¹
222 3762 273 3836 ρὸν
291 3763 346 3836 μὲν
363 3759 395 3817 τὸ
407 3765 498 3832 λέγειν
510 3761 663 3831 ἐπεγγελᾶν
678 3766 735 3820 τοῖς
752 3761 876 3830 ἐχθροῖς
903 3757 970 3812 ἀλλὰ
988 3753 1056 3818 θεός
1077 3761 1162 3826 ἐστιν,
1181 3754 1230 3812 οὐκ
1247 3756 1324 3813 εἰλα-

221 3864 344 3933 ρουμίνη
361 3856 392 3913 τὸ
413 3854 573 3931 νεμεσητόν,
593 3851 679 3916 ίίλλως
690 3874 719 3910 τε
738 3859 784 3910 καὶ
803 3850 992 3928 παροξύνουσα
1012 3855 1061 3911 τὸν
1075 3853 1208 3912 Ὀδυσσέα
1229 3860 1323 3928 φησίν.

311 3957 328 4009 9
345 3952 502 4010 ίιναστελῶν
520 3955 546 4010 R
563 3950 737 4008 ἀναστέλλων
757 3953 788 4010 L.

296 4057 328 4106 12
347 4050 415 4107 κατὰ
434 4053 469 4107 de
486 4069 548 4107 meo
567 4051 672 4107 addidi.

297 4151 330 4202 14
348 4148 363 4202 ὁ
385 4144 466 4220 λόγος
480 4148 584 4219 addidi,
603 4166 666 4204 cum
682 4147 739 4204 fixa
755 4148 824 4203 haee
842 4147 964 4204 formula
984 4146 1013 4201 in
1032 4144 1145 4202 scholiis
1164 4147 1322 4216 appareret.

248 4264 251 4269 ·
298 4247 330 4300 16
348 4247 402 4302 hoc
421 4247 557 4311 scholion,
586 4247 616 4300 in
636 4246 716 4301 libris
734 4264 760 4302 v.
773 4230 842 4300 1993
862 4244 1025 4314 ascriptum,
1050 4242 1086 4297 ad
1104 4261 1130 4299 v.
1145 4243 1212 4296 1091
1235 4242 1322 4312 perti-

223 4360 290 4396 nere
308 4360 352 4396 me
371 4344 469 4398 docuit
487 4336 703 4423 Heimsoethiuq.
