3000 5176
732 337 772 400 59

202 526 337 593 similius
361 535 420 611 est,
452 536 604 591 nontam
631 547 671 590 ex
695 525 902 613 propriorum
927 525 1105 590 studiorum
1138 526 1297 591 fructibus

201 656 295 722 quam
325 658 367 701 ex
397 635 569 701 uberrimis
602 647 635 699 et
663 635 866 701 inexhaustis
899 644 1048 700 veterum
1080 636 1296 722 interpretum

202 745 503 811 Alexandrinorum
524 745 626 832 copiis
648 744 875 828 thesaurisque
901 765 1039 831 poeseos
1057 745 1205 810 Graecae
1231 769 1296 809 mo-

201 866 356 920 numenta
379 877 451 919 enm
475 855 667 920 illustrasse.
711 854 867 918 eiusmodi
900 854 1000 920 fuisse
1026 877 1168 941 operam,
1201 877 1296 940 quam

195 964 413 1052 scriptoribus
435 963 641 1052 explicandis
663 964 717 1026 illo
750 963 851 1042 daret,
877 965 910 1026 in
933 963 1005 1027 aliis
1030 964 1126 1027 rebus
1150 964 1214 1026 iam
1237 964 1295 1027 du-

201 1073 276 1138 dum
301 1073 380 1137 viris
403 1072 506 1139 doctis
533 1096 721 1161 persuasum
746 1086 804 1137 est.
828 1074 944 1159 quodsi
961 1073 993 1137 in
1011 1095 1083 1136 mea
1098 1095 1193 1138 causa
1209 1073 1295 1136 idern

200 1205 328 1248 sumere
351 1183 439 1265 licet,
462 1183 505 1246 ita
528 1184 599 1247 fere
623 1182 810 1247 definienda
834 1182 896 1246 erit
908 1180 1046 1266 Didymi
1073 1204 1182 1269 opera.
1227 1185 1294 1268 ple-

199 1293 311 1377 risque
336 1292 429 1374 loeis,
449 1292 504 1354 ubi
529 1292 561 1354 iu
584 1290 718 1355 scholiis
741 1291 921 1376 Didymum
947 1291 1224 1376 deprehendimus
1249 1316 1296 1355 ar·

198 1403 239 1466 tis
275 1400 420 1490 poeticae
450 1400 701 1481 aestimatorem,
735 1400 965 1486 Aristophanis
995 1401 1046 1464 vel
1081 1399 1212 1485 signum
1243 1401 1296 1464 vel

199 1511 462 1577 observationem
484 1520 521 1574 ut
542 1521 638 1575 notae
654 1509 839 1595 Didymaeo
866 1508 1114 1573 fundamentum
1139 1509 1296 1572 debemus

199 1642 387 1705 agnoscere.
413 1619 486 1683 huie
509 1618 721 1682 fundamento
745 1641 834 1683 suam
860 1618 1079 1706 superstruxit
1105 1617 1296 1704 disputatio·

199 1753 273 1794 nem
309 1729 473 1812 Didymus
506 1728 684 1815 explicans,
722 1751 803 1815 quae
839 1739 1008 1792 notaverat
1045 1728 1293 1813 Aristophanes,

200 1839 352 1926 exempla
373 1838 526 1921 afferens,
563 1860 645 1922 qnae
675 1847 783 1902 notam
814 1839 1025 1919 illustrarent,
1057 1837 1182 1902 addens
1213 1859 1295 1921 quac

198 1949 267 2034 ipse
282 1948 428 2012 sentiret.
453 1970 547 2034 quam
562 1946 622 2011 bac
635 1947 759 2012 ratione
776 1947 835 2012 sibi
850 1948 989 2011 finxerat
1010 1947 1205 2012 observandi
1219 1969 1295 2011 nor-

200 2081 295 2139 mam,
313 2080 383 2121 eam
397 2057 436 2122 iis
458 2078 588 2142 quoque
601 2056 679 2121 locis
697 2056 855 2139 adhibuit,
875 2056 991 2141 quibus
1014 2056 1141 2120 nullum
1165 2056 1293 2140 signum

198 2166 440 2253 Aristophanes
461 2176 656 2253 apposuerat
682 2188 741 2229 nco
764 2165 869 2252 potuit
892 2187 1069 2253 apponere,
1100 2167 1202 2229 veluti
1237 2166 1292 2229 ubi

197 2275 334 2360 Didymi
370 2275 552 2340 observatio
595 2274 728 2339 alterius
770 2274 901 2339 demum
946 2275 1049 2339 critici
1088 2275 1293 2339 animadver—

197 2384 287 2448 sione
310 2394 484 2469 provocata
507 2394 564 2448 est.
610 2394 642 2446 at
674 2405 805 2470 semper
830 2383 984 2471 exemplo
1008 2384 1037 2447 ei
1063 2383 1196 2448 luerunt
1220 2385 1293 2448 Ari-

198 2493 362 2579 stophanis
391 2493 635 2558 observationes
668 2514 774 2577 neque
805 2493 892 2557 ullus
921 2502 1009 2557 extat
1037 2494 1150 2574 loeus,
1174 2492 1228 2556 ubi
1254 2493 1294 2556 ab

197 2603 266 2667 cius
300 2603 448 2667 doctrina
472 2603 659 2668 decesserit.
704 2613 768 2667 tam
799 2604 861 2667 late
894 2603 1038 2691 patuisse
1061 2603 1292 2688 Aristophanis

196 2711 402 2799 disciplinam
426 2735 491 2777 non
516 2725 564 2777 est
585 2737 642 2778 cur
666 2735 833 2800 negemus.
858 2712 1063 2800 quidenim‘?
1087 2713 1293 2777 uunmsobo·

198 2821 262 2885 lion
286 2822 366 2886 illud
393 2823 618 2912 Euripideum,
652 2826 706 2890 ubi
730 2846 849 2888 nomen
874 2823 1103 2912 Aristophanis
1127 2833 1291 2886 servatum

197 2942 255 3009 est,
286 2933 380 2996 nobis
403 2933 456 3020 qui
488 2956 528 2997 ox
562 2934 765 3018 argumentis
791 2931 967 3016 imaginem
992 2932 1158 3017 refingero
1185 2931 1293 2996 conati

198 3065 325 3107 eramus
350 3039 542 3123 studiorum,
566 3065 649 3127 quae
674 3042 707 3105 in
731 3051 799 3106 arte
825 3039 1040 3104 examinanda
1064 3051 1203 3126 poneret
1226 3040 1293 3120 ille,

198 3172 330 3237 prorsus
353 3173 470 3214 novam
494 3150 758 3214 observationum
789 3149 931 3237 speciem
956 3147 1154 3212 monstravit.
1192 3170 1292 3234 quare

196 3260 266 3323 iure
289 3268 399 3324 nostro
425 3282 543 3346 paucas
567 3259 821 3340 observationes,
846 3281 928 3342 quac
954 3280 1025 3322 cum
1042 3256 1292 3346 Aristophaneis

196 3368 261 3432 illis
285 3379 489 3455 comparatae
513 3390 616 3432 novae
639 3369 732 3432 nobis
745 3367 943 3433 videbuntur
968 3389 1050 3436 esse,
1069 3365 1292 3431 eidemvindi·

196 3477 339 3542 oabimus
362 3478 499 3559 auctori,
523 3479 644 3566 qnippe
663 3477 753 3541 cuius
770 3499 889 3564 operae
907 3477 1028 3541 diserta
1047 3475 1185 3559 vestigia
1197 3475 1292 3541 nimis

197 3610 266 3650 rara
289 3587 364 3669 siut,
386 3610 482 3671 quam
505 3608 587 3671 quae
611 3596 710 3652 totam
734 3586 908 3650 illustrent.
954 3586 1085 3650 omniuo
1109 3585 1291 3670 Didymum

196 3691 345 3779 inprimis
365 3693 452 3758 inter
476 3694 672 3780 posteriores
695 3694 928 3780 grammaticos
941 3692 1175 3781 Aristophanis
1195 3693 1290 3756 vesti·

195 3802 249 3883 gia
272 3803 430 3889 pressisse
455 3802 590 3887 eiusque
615 3824 693 3889 opes
717 3801 945 3889 compilavissc
969 3800 1142 3866 scitissime
1168 3800 1292 3864 monuit

197 3912 368 3994 Augustus
391 3911 559 3977 Nauckius
584 3912 604 3977 l.
619 3912 638 3976 l.
660 3934 691 3998 p.
705 3914 754 3976 77.
777 3911 938 3999 exemplis
963 3908 1080 3975 abhoc
1102 3910 1171 3974 viro
1195 3911 1291 3975 docto

196 4019 315 4084 ibidem
341 4032 373 4084 et
394 4020 498 4108 phet
519 4021 634 4103 allatis,
656 4045 674 4085 a
699 4020 856 4085 Mauricio
879 4020 1062 4088 Schmidtio
1087 4019 1106 4082 l.
1132 4019 1152 4083 l.
1176 4043 1206 4106 p.
1232 4019 1292 4083 106

197 4129 403 4216 locupletatis
425 4129 488 4193 inm
520 4139 638 4210 nostra,
667 4152 748 4215 quae
779 4129 867 4193 baud
887 4129 1047 4193 inutiliter
1070 4150 1139 4192 rem
1161 4129 1292 4194 firment

196 4239 415 4324 fulciantque5
435 4237 586 4303 addenda
609 4249 683 4303 sunt
695 4243 730 4303 ⁶¹¹.

246 4345 267 4350 -.
294 4378 329 4429 64
347 4373 475 4428 Eandem
495 4373 661 4428 sententiam
682 4375 717 4429 de
738 4375 856 4443 Didymo
875 4373 1144 4443 Aristophanearnm
1163 4373 1291 4426 observa·
