3000 5176
717 305 738 368 2

181 487 215 550 ἰη
240 486 454 571 argumentis,
477 487 655 550 decurtatis
676 485 725 550 his
747 487 835 552 omni
854 487 950 552 modo
974 497 1007 552 ct
1028 489 1068 554 ad
1085 490 1184 555 vilem
1208 492 1275 557 exi·

182 597 306 660 litatem
329 597 480 678 redactis,
503 596 712 682 amplificatis
735 596 800 661 illis
816 596 918 662 sterili
933 599 1192 681 magistellorum
1208 601 1274 685 By-

179 705 382 770 aantinorum
406 704 555 769 doctrina
579 714 610 768 ct
634 706 803 770 maceratis
827 728 911 769 varra
932 707 1070 790 quadam
1102 708 1274 793 inutilique

180 817 354 879 verborum
376 815 537 880 ubertate.
564 835 646 901 quae
670 814 807 878 fontium
833 825 865 880 et
887 818 1032 902 paucitas
1055 827 1088 882 ct
1113 818 1275 903 exiguitas

182 924 329 1012 inprimis
349 924 480 988 videtur
501 925 533 987 in
557 946 656 987 carisa
677 923 792 1007 fuisse,
813 948 870 988 cur
885 925 1275 992 studiorumaveteribus

180 1033 402 1119 grammaticis
418 1033 451 1097 in
463 1042 533 1096 nrte
545 1042 715 1119 poetarum
728 1032 923 1120 explicanda
938 1034 1172 1100 collocatorum
1185 1037 1275 1100 nulla

181 1143 251 1206 fere
273 1141 379 1207 adbuc
396 1142 479 1206 ratio
501 1141 707 1206 haberetur2.
732 1143 824 1208 cuius
840 1142 886 1207 rei
903 1143 1006 1207 altera
1029 1143 1123 1207 etiam
1146 1144 1275 1210 accedit

179 1274 284 1316 causa.
308 1259 590 1316 summevetcrum
613 1249 811 1314 scholiorum
834 1251 955 1316 utilitas
979 1253 1073 1317 nobis
1096 1253 1202 1339 posita
1227 1263 1276 1318 est

178 1361 212 1426 in
237 1383 348 1425 rerum
371 1360 513 1424 cuiusvis
536 1359 669 1442 generis
692 1360 978 1447 explicationibus,
1011 1363 1164 1446 quoniam
1194 1364 1273 1427 nnti-

182 1472 253 1558 quis
276 1469 511 1557 interpretibus
533 1470 641 1534 fontes
658 1469 761 1554 aperti
779 1480 881 1552 crarrt,
906 1470 960 1554 qui
973 1471 1067 1535 nobis
1084 1471 1273 1537 iamdudum

181 1589 393 1644 exaruerunt.
419 1576 496 1661 quid
511 1577 633 1642 dearte
648 1589 816 1664 poctarum
840 1578 1056 1644 iudicaverint
1079 1580 1161 1644 nihil
1184 1604 1274 1646 cura·

180 1711 251 1752 mus
263 1709 325 1752 nec
339 1707 471 1751 necesso
484 1695 534 1750 est
546 1709 709 1769 curemus,
731 1709 804 1750 rranr
824 1687 855 1751 in
869 1687 929 1751 hac
945 1710 980 1752 re
995 1711 1037 1753 ex
1052 1689 1167 1753 codem
1183 1690 1274 1755 fonte

180 1796 346 1861 haurimus
368 1806 465 1882 atquc
488 1795 548 1877 illi,
571 1817 613 1858 cx
636 1795 715 1880 ipsis
738 1794 864 1859 scilicet
889 1796 1058 1882 poematis
1086 1819 1186 1882 quare
1208 1820 1274 1862 nou

179 1906 297 1969 mirum
320 1914 380 1988 est,
402 1904 487 1990 quod
511 1905 565 1988 qui
589 1915 700 1969 nostra
726 1914 831 1969 aetate
856 1905 896 1969 dc
919 1905 1103 1971 fabularum
1128 1907 1272 1974 Graeca·

178 2037 249 2080 rum
273 2013 471 2101 praestantia
491 2012 693 2077 aestimanda
717 2013 884 2100 disputant
901 2013 1065 2078 rarissime
1080 2023 1204 2079 tantum
1219 2036 1272 2079 oo·

178 2146 248 2187 rum
273 2122 393 2187 habent
413 2121 583 2203 rationem,
614 2143 696 2206 quae
719 2121 761 2186 de
783 2122 843 2185 hae
865 2143 901 2186 rc
920 2132 1050 2186 veteres
1072 2122 1270 2208 interpretes

179 2232 392 2319 protulerunt.
438 2252 542 2315 neque
565 2230 647 2295 illud
675 2231 865 2318 primarium
895 2243 964 2295 erat
988 2253 1048 2295 nec
1074 2233 1179 2318 potuit
1200 2254 1272 2297 esse

180 2341 351 2405 consilium
373 2341 469 2404 hasce
494 2339 650 2426 reliquias
673 2339 854 2423 colligenti,
876 2351 911 2404 ut
927 2341 1001 2404 novi
1024 2340 1146 2426 aliquid
1168 2363 1209 2406 ex
1232 2341 1270 2406 iis

179 2450 363 2514 disceretur
385 2448 424 2512 ad
450 2448 675 2513 admirabilem
698 2458 813 2532 artem,
838 2472 901 2534 qua
924 2450 1054 2513 exculta
1071 2459 1147 2516 sunt
1169 2451 1273 2517 Grae-

179 2581 291 2622 corum
315 2558 470 2639 dramata,
494 2557 588 2621 altius
603 2557 875 2643 perspiciendam,
898 2581 1094 2643 quamquam
1118 2559 1172 2623 vel
1196 2558 1271 2624 huic

177 2669 224 2732 rei
247 2691 313 2733 non
336 2665 457 2731 nullius
480 2676 554 2731 sunt
578 2666 702 2731 fructus
722 2677 869 2732 retcrum
885 2667 1016 2750 iudicia,
1040 2667 1097 2732 sod
1115 2668 1148 2732 id
1164 2669 1273 2755 potius

177 2777 400 2863 spectandum,
422 2785 467 2857 ut,
492 2785 648 2862 quantum
672 2776 802 2860 quidem
827 2776 930 2864 potuit
955 2776 1025 2841 fieri
1044 2777 1077 2840 in
1098 2786 1186 2840 tanta
1201 2778 1270 2843 lon·

177 2887 256 2950 tium
281 2883 436 2966 siccitate,
460 2885 519 2948 lux
543 2883 767 2949 effunderetur
781 2885 1012 2969 grammaticae
1026 2885 1272 2950 Alexandrinae

177 2995 271 3082 parti,
296 3015 377 3080 quae
398 3017 416 3056 a
438 2993 587 3082 plurimis
611 3016 736 3077 corum,
767 2994 820 3081 qui
850 3004 962 3059 nostro
992 3015 1073 3059 aevo
1095 2996 1202 3060 studio
1225 2996 1272 3060 hi-

178 3103 295 3168 storiae
326 3103 557 3186 grammaticae
580 3102 829 3168 Alexandrinae
863 3124 898 3166 se
932 3102 1105 3186 dederunt,
1139 3126 1272 3190 prorsus

177 3213 341 3297 neglecta,
367 3237 385 3275 a
408 3212 533 3299 paucis,
557 3212 611 3296 qui
633 3233 703 3276 cam
722 3212 912 3296 tetigerunt,
934 3211 1039 3275 obiter
1052 3220 1273 3278 tantumtacta

178 3331 234 3386 cst.
261 3321 320 3384 hac
344 3320 383 3404 de
408 3343 504 3384 causa
520 3318 686 3404 reliquias,
708 3341 790 3404 quae
809 3319 843 3383 in
858 3319 990 3384 scholiis
1008 3320 1272 3384 observationum

177 3430 218 3494 ad
248 3430 448 3513 tragicorum
478 3439 578 3494 artem
611 3429 826 3517 spectantium
863 3438 985 3506 extant,
1018 3428 1138 3514 collegi
1168 3429 1272 3515 iisque

275 3649 291 3699 2
318 3647 350 3699 In
376 3646 501 3700 Eduardi
526 3645 655 3700 Muelleri
679 3645 762 3711 libro,
787 3646 835 3715 qui
858 3646 1023 3700 inscribitur
1047 3651 1196 3718 paschis-lue
1224 3650 1271 3701 ‹ler

177 3748 278 3797 tlrcorie
305 3746 351 3796 cler·
379 3747 456 3796 transt
484 3747 525 3796 bei
545 3745 596 3796 (len
614 3747 689 3796 altera
712 3745 729 3794 2
750 3743 814 3797 voll.
839 3744 955 3796 Breslau
974 3745 1042 3797 1834
1060 3746 1088 3797 et
1105 3746 1139 3796 37
1159 3761 1207 3797 sex
1224 3761 1273 3812 pa-

176 3839 258 3910 ginae
278 3839 341 3904 (vol.
352 3839 379 3892 II
388 3857 414 3908 p.
425 3841 478 3892 225
487 3842 562 3907 -30)
582 3839 625 3892 his
645 3839 890 3908 grammaticorum
905 3840 1159 3893 Alexandrinorum
1173 3840 1272 3894 studiis

177 3936 258 3988 datrae
280 3940 352 3999 scint,
375 3953 492 4003 quarum
510 3936 631 4003 quinque
644 3937 744 3990 breves
755 3936 901 3990 nonnullas
914 3936 948 3989 de
962 3935 1126 3989 Aristarcho
1137 3935 1272 4003 Zoiloque

177 4032 396 4098 observationes,
419 4035 499 4085 sexta
518 4031 552 4085 de
570 4032 639 4085 artis
649 4033 774 4101 tragicae
787 4032 1026 4085 existimatoribus
1036 4032 1107 4085 nihil
1121 4031 1197 4085 aliud
1208 4049 1271 4085 con·

178 4129 250 4181 tinet
270 4128 324 4182 nisi
343 4129 378 4182 de
396 4129 429 4181 iis
447 4127 516 4180 nihil
535 4144 585 4181 nos
605 4127 685 4182 scire.
717 4127 765 4181 alii
785 4128 838 4181 viri
857 4129 933 4181 docti
952 4127 981 4180 in
999 4127 1071 4181 hanc
1098 4145 1157 4181 reru
1176 4127 1272 4181 dedita

177 4242 262 4293 opera
278 4242 333 4278 non
344 4222 558 4293 inquisiverunt.
578 4224 686 4293 singula
699 4224 831 4292 quaedam
844 4224 1000 4293 tetigerunt
1009 4224 1171 4277 Welekerus
1181 4223 1272 4277 Schle-

176 4323 264 4390 gclius
282 4321 343 4390 (cfr.
363 4308 538 4392 rorlrsmrpcrr
557 4325 614 4374 πρὸ.
634 4323 719 4375 (lauris.
739 4325 816 4375 leserat
835 4321 847 4373 l
869 4339 895 4389 p.
909 4321 967 4373 134.
990 4322 1047 4374 168.
1072 4320 1134 4390 170)
1152 4321 1206 4375 alli.
