3000 5176
648 352 707 416 129

126 534 144 601 δ
178 532 274 622 λόγος
306 533 354 602 δτι
386 537 438 601 καί
470 531 499 600 οῖ
532 532 695 622 ἔμφρονες
732 535 786 599 καί
819 537 1150 621 παρακολουθοῦντες
1182 540 1222 624 τῇ

124 640 222 734 φάσει
252 649 318 709 τῶν
352 640 550 731 πραγμάτων
584 642 675 730 ὅμως
707 640 774 711 δπδ
805 648 871 709 τών
905 641 1064 711 τοιούτων
1098 649 1223 711 παθών

124 753 180 820 ἐπὶ
216 750 254 820 τό
281 758 392 838 χεῖρον
423 747 714 833 άπολισθάνουσιν,
751 750 796 832 ιδς
829 754 883 820 καί
918 753 951 820 έν
985 754 1168 838 Τραχινίαις
1201 751 1221 842 ἡ

127 858 301 949 Δηιάνειρα
326 864 403 948 περί
433 867 492 928 τοῦ
526 861 650 948 ἔρωτος
681 862 889 949 διαλεγομένη
923 866 981 928 τοῦ
1012 855 1138 948 άνδρδς,
1170 859 1221 930 δ’τι

123 965 212 1059 αὐτῷ
238 965 297 1039 οδκ
329 965 554 1058 ἀντιστήσεται
584 964 660 1039 οόδὲ
691 972 853 1038 λυσιτελεῖ
880 963 961 1061 αὐτῇ
991 968 1249 1058 άντιπράττεινῠ

124 1086 164 1170 τῇ
188 1082 352 1169 ἐπιθυμίᾳ
372 1085 431 1147 τοῦ
454 1073 571 1165 άνδρδς
592 1079 643 1167 <v.
657 1083 720 1146 445
734 1076 833 1168 sqq),
857 1075 994 1167 πράττει
1017 1080 1100 1165 μετὰ
1120 1087 1221 1148 ταῦτα

122 1186 208 1276 άπερ
232 1182 331 1276 αὐτὴν
353 1182 524 1254 ἀνέπεισεν
544 1184 564 1275 ἡ
588 1189 766 1275 ζηλοτυπία
787 1188 836 1275 (v.
859 1191 921 1256 545
940 1189 1040 1277 sqq.>.

206 1316 249 1381 ib.
275 1315 332 1378 118
358 1310 437 1403 δρᾷς
456 1307 624 1380 Ὀδυσσεῦι
657 1309 865 1392 παιδευτικδς
885 1309 903 1379 ό
927 1309 1024 1400 λόγος
1050 1315 1104 1381 καὶ
1133 1307 1220 1383 άπο-

126 1419 301 1511 τρεπτικδς
330 1418 569 1510 ἁμαρτημάτων
601 1422 655 1487 καί
690 1418 743 1487 διά
776 1425 873 1488 τοῦτο
905 1422 1057 1510 ε’πίτηδες
1087 1425 1141 1491 καὶ
1172 1429 1219 1512 τῷ

122 1525 269 1600 Ὀδυσσεῖ
300 1532 354 1598 καὶ
378 1533 424 1619 τῷ
447 1535 553 1621 θεατῇ
584 1527 733 1613 ὑπέδειξε
763 1527 820 1596 τόν
839 1526 983 1616 Αἴαντα,
1007 1534 1113 1619 δηλῶν
1136 1529 1181 1612 ώς
1200 1529 1218 1600 δ
1234 1555 1266 1605 10

123 1637 286 1728 πρότερον
301 1637 462 1730 φρόνιμος
482 1642 536 1706 καί
554 1637 733 1726 πρακτικὸς
755 1644 810 1706 νῦν
831 1640 941 1727 ἐξέστη
963 1637 1017 1707 διδ
1036 1638 1074 1707 τό
1094 1647 1219 1726 θεομα-

121 1755 226 1839 χῆσαι.
258 1751 311 1817 καί
333 1754 431 1817 τοῦτο
456 1749 492 1816 δὲ
504 1746 644 1836 Ὁμήρου
666 1749 839 1832 παίδευμα,
864 1745 915 1816 ὅτι
937 1749 988 1838 ἐφ’
1011 1742 1064 1830 οἷς
1084 1743 1219 1833 αδχοῦσῖ

121 1885 207 1938 τινες
227 1855 352 1926 τούτων
378 1863 569 1945 στεροῖνται
590 1855 681 1943 παρά
703 1861 769 1923 τοῖν
797 1861 898 1938 θεῶν,
929 1854 975 1937 ιδς
996 1860 1050 1926 καί
1074 1855 1220 1946 Θάμυρις

121 1971 179 2056 τῆς
201 1972 359 2054 μουσικῆς
378 1969 442 2033 καὶ.
455 1962 560 2053 Νιόβη
580 1970 647 2032 τῶν
668 1966 799 2032 τέκνων.

208 2095 279 2163 OT.
303 2096 365 2159 946
397 2091 607 2160 παιδευτικόν
637 2119 668 2159 τι
699 2091 838 2180 ἔγκειται
866 2098 913 2182 τῷ
941 2089 1091 2182 δράματι,
1113 2091 1159 2175 ιδς
1180 2089 1219 2162 οδ
1234 2119 1266 2169 15

123 2208 174 2273 δεῖ
196 2209 413 2294 καταφρονεῖν
446 2207 512 2268 τῶν
542 2203 656 2269 θείων.
700 2199 731 2270 οῖ
760 2199 819 2289 γάρ
840 2185 974 2270 τοιαῦτα
997 2200 1220 2292 φθεγξάμενοι

122 2315 191 2401 μετ’
216 2307 325 2399 ὀλίγον
340 2308 540 2403 φανήσονται
561 2306 630 2379 οἷοί
648 2310 738 2380 εἰσιν.

205 2442 322 2525 Antig.
346 2441 386 2504 75
407 2444 478 2518 τοῖς
509 2435 596 2504 κάτω
619 2443 686 2504 τῶν
707 2435 843 2507 ε’νθάδει
866 2444 1012 2526 γενναῖον
1033 2442 1088 2508 καὶ
1110 2447 1220 2528 τοῦτο,

122 2547 170 2629 είς
188 2543 364 2637 δπόθήκας
385 2550 558 2615 συντελοῦν
577 2553 635 2636 τῆς
656 2547 739 2632 μετὰ
766 2553 867 2615 ταῦτα
889 2549 1072 2637 ἐπιδημίας,
1097 2547 1148 2618 δτι
1169 2553 1220 2618 δεῖ

123 2647 159 2726 εὖ
190 2659 351 2726 τίθεσθαι
378 2659 582 2746 μεμνημένον
611 2656 734 2726 ἐκείνου
767 2663 826 2744 τοῦ
857 2655 986 2746 χρόνον,
1016 2661 1070 2727 καὶ
1096 2657 1148 2727 ὅτι
1169 2662 1221 2727 δεῖ
1233 2680 1268 2730 20

212 2921 285 2975 2ib.
304 2923 357 2974 684
375 2917 431 2972 ἀλλ’
450 2917 527 2992 ἀμφὶ
546 2919 601 2992 μὲν
617 2912 765 2973 τούτοισιν;
784 2913 834 2988 ὅρα
854 2911 951 2971 πόσον
962 2917 1145 2986 ἐπικρατεῖται
1165 2912 1220 2971 ὑπὸ

123 3021 170 3073 τοῦ
189 3012 296 3077 πάθους
314 3015 329 3071 ὁ
348 3013 497 3090 λογισμός·
520 3014 535 3069 ὁ
554 3013 586 3070 τά
605 3009 752 3088 σοφώτατα
769 3015 839 3086 γοῦν
857 3010 952 3078 εἰπών,
973 3009 1071 3069 ἑαυτὸν
1088 3009 1201 3085 ἀναιρεῖ.

214 3119 229 3169 3
249 3119 297 3168 καί
314 3114 377 3169 add.
396 3114 427 3168 G.
574 3169 580 3175 ,,

213 3217 230 3267 4
249 3218 297 3266 καί
315 3212 390 3282 quod
409 3215 474 3265 ante
492 3212 539 3264 τοῦ
556 3205 658 3280 ἀνδρός
675 3210 760 3264 habet
778 3209 801 3261 L
821 3208 919 3263 delevi.
952 3208 1093 3278 particula
1113 3207 1148 3262 de
1168 3225 1218 3262 suo

123 3312 195 3376 loco,
214 3311 263 3380 qui
281 3314 324 3364 est
343 3313 408 3364 ante
427 3310 458 3363 ἐν
479 3314 644 3380 Τραχινίαις,
663 3307 717 3361 huc
739 3307 854 3361 detrusa
873 3308 925 3360 est.

213 3411 229 3462 7
248 3407 400 3462 secundum
419 3405 450 3460 G.
464 3403 608 3458 Wolffium
626 3407 749 3457 zeitschr.
767 3409 787 3472 s.
808 3407 916 3456 σίκιννιν.
927 3404 994 3457 1855
1013 3421 1039 3472 p.
1051 3405 1086 3457 57
1104 3403 1139 3457 δε
1158 3423 1220 3456 παι-

125 3507 238 3576 δευτικῷ
255 3504 350 3559 Aiacis
371 3503 504 3557 dramatis
518 3501 542 3555 G
558 3501 628 3556 haec
647 3501 740 3564 habet,
760 3517 831 3569 quae
842 3499 1004 3553 Dindorfius
1024 3500 1133 3555 omisit:
1152 3521 1220 3572 παρ-

125 3608 195 3657 αινεῖ
211 3600 226 3655 ὁ
245 3601 392 3674 Σοφοκλῆς
410 3597 456 3652 διά
475 3600 522 3653 τοῦ
542 3592 681 3670 δράματος
700 3591 804 3662 τούτου,
824 3591 863 3649 ότι
883 3592 915 3649 σίν
934 3597 978 3650 δεῖ
992 3597 1042 3650 ἐντί
1057 3611 1111 3650 τισι
1129 3593 1220 3668 πράγ-

124 3715 213 3770 μασιν
229 3695 355 3770 άμέτρως
374 3699 529 3761 λυπεῖσθαι,
552 3693 587 3754 ὠς
603 3692 643 3766 μὴ
661 3689 759 3749 ταύτόν
776 3713 801 3747 τι
818 3695 856 3763 τῷ
866 3698 963 3748 Αἴαντι
983 3688 1122 3765 πάθωμεν
1133 3695 1163 3748 ἐκ
1175 3695 1221 3762 τῆς

125 3789 276 3867 δμετράτου
295 3788 387 3858 λάπης.
424 3798 553 3859 παραινεῖ
575 3791 606 3845 δὲ
630 3794 676 3844 καὶ
699 3787 730 3844 τὸ
749 3787 789 3862 μὴ
809 3794 934 3848 αἰωνίους
952 3791 1026 3861 ἔχειν
1043 3788 1091 3850 τὰς
1108 3792 1220 3862 ἔχθρας.

125 3893 245 3963 παριστᾷ
262 3891 317 3963 μὲν
335 3888 384 3945 τὸν
402 3886 534 3946 Ὀδυσσέα
553 3885 659 3960 ἐχθρόν
675 3888 731 3960 μὲν
748 3881 813 3941 όντα
836 3880 931 3957 πρώην
950 3887 997 3939 τοῦ
1015 3891 1143 3953 Αἴαντος,
1166 3885 1220 3940 εἶθ’

123 3984 237 4059 ὕστερον
256 3991 338 4059 φίλον
356 3982 436 4040 αὐτοῦ
454 3988 500 4038 καῖ
515 3979 752 4056 διιοχυριζόμενον
770 3981 821 4038 σὺν
837 3984 874 4053 τῷ
895 3977 1004 4055 Τεύκρῳ
1030 3983 1102 4052 (cod.
1122 3983 1219 4055 τέκρω)

124 4078 325 4154 θάψαιαῦτόν.

183 4184 232 4255 Δ14
249 4178 299 4247 τὴν
316 4175 452 4252 μουσικήν
469 4179 492 4233 L
510 4195 581 4234 corr.
602 4178 635 4232 V.

196 4277 466 4333 15seh01.BLeid.
488 4284 516 4330 X
529 4278 581 4330 379
607 4272 782 4330 παιδευτικὸν
808 4276 948 4328 καὶτοῦτο
969 4272 1038 4346 πρὸς
1056 4270 1217 4342 εὐσέβειαν·

124 4377 171 4429 ἐπὶ
188 4370 402 4445 τηλικσότῳκγδρ
421 4368 615 4445 κατορθώματι
633 4369 715 4426 οὐδὲν
733 4366 926 4435 ἀλαζονεόεται.
948 4374 956 4391 ’

1015 4471 1032 4526 9
