3000 5176
731 314 770 386 13

201 507 354 594 γενομένη
376 508 412 574 ἐκ
432 509 492 594 τῆς
515 502 715 595 ἐπαφήσεως
735 507 793 572 τοῦ
816 501 895 584 Διὸς
916 506 1040 589 τέξεται
1062 506 1120 574 τδν
1133 495 1297 598 Ἔπαφον.

197 612 315 704 Ἑρμῆς
336 618 372 684 δέ
394 612 574 703 παράγεται
600 609 747 682 ἀπειλῶν
772 608 860 703 αάτῴ
882 612 1210 706 κεραυνωδήσεσθαι,
1242 614 1297 684 έάν

196 722 241 814 μὴ
270 721 348 815 είπη
377 723 417 791 τά
444 726 603 810 μέλλοντα
634 722 774 792 έοεσδαι
802 729 848 812 τῷ
874 727 938 810 Διί,
967 728 1021 792 καὶ
1042 726 1135 806 τέλος
1155 731 1296 813 βροντῆς

196 835 368 921 γενομένης
388 831 514 924 άφανης
533 834 653 920 γίνεται
675 830 693 900 ὁ
716 831 930 921 Προμηθεύς.

298 949 328 1008 Β
370 948 475 1010 κεῖται
500 944 536 1010 δὲ
570 939 801 1030 ἡμυθοποιία
832 944 866 1010 έν
888 939 1087 1028 παρεκβάσει
1116 943 1206 1031 παρά
1235 952 1294 1012 Σο·

197 1055 315 1140 φοκλεῖ
339 1052 373 1120 ἐν
394 1048 548 1139 Κόλχοις,
570 1049 662 1136 παρά
685 1051 721 1118 δέ
741 1045 903 1142 Εὐριπίδῃ
928 1049 1015 1132 ὅλως
1037 1046 1076 1120 οά
1096 1059 1210 1121 κεῖται.

301 1162 329 1228 0
370 1159 390 1249 ἦ
421 1164 481 1247 μέν
510 1158 609 1249 σκηνή
638 1167 697 1228 τοῦ
723 1158 887 1246 δράματος
919 1158 1091 1230 ὑπόκειται
1111 1163 1144 1230 ἐν
1166 1164 1296 1252 Σκυθίη

200 1271 272 1360 [ἐπὶ
289 1269 327 1339 τδ
343 1268 530 1340 Καυκάσιον
552 1263 688 1359 άροςλέ]
713 1272 731 1338 ὁ
752 1272 787 1339 δὲ
801 1269 901 1358 χυρδς
922 1274 1113 1362 συνέστηκεν
1135 1275 1171 1358 ἐξ
1189 1267 1293 1340 Ὠκεα·

199 1382 296 1447 νίδων
319 1385 463 1471 νυμφῶν.
1094 1458 1096 1461 v

302 1492 331 1558 (ί
373 1488 411 1558 τδ
436 1491 472 1558 δέ
494 1487 673 1579 κεφάλαιον
694 1483 795 1559 ἀάτοῦ
817 1491 885 1558 ἐστι
906 1491 1120 1578 Προμηθέως
1144 1492 1240 1571 δέοις.

299 1600 418 1666 desunt
441 1599 548 1666 DEF.

376 1709 448 1774 XII
470 1720 700 1794 argumentum
724 1709 858 1796 Septem
887 1709 1103 1794 Aeschyleae.

300 1815 328 1882 O
369 1811 389 1902 ἦ
412 1816 471 1899 μέν
491 1812 591 1903 σκηνὴ
623 1820 680 1882 τοῦ
709 1811 872 1900 δράματος
900 1815 934 1881 έν
957 1812 1094 1909 Θήβαιςι
1112 1812 1294 1883 ὑπόκειται.

197 1923 270 1995 δδέ
291 1922 391 2011 χορδς
415 1925 450 1992 ἐκ
475 1927 627 2013 Θηβαίων
649 1925 718 1992 ἐστὶ
738 1925 927 2010 παρθένων.

301 2037 330 2102 G
370 2033 389 2122 ἡ
409 2035 444 2101 δὲ
464 2030 635 2114 ὑπόδεσις·
658 2031 793 2119 στρατιά
814 2027 979 2119 Ἀργείων
991 2035 1215 2119 πολιορκοῦσα
1229 2039 1295 2121 Θη-

196 2145 311 2229 βαίους
338 2144 415 2224 τοδς
444 2144 497 2210 καὶ
527 2141 725 2231 νικήσαντας,
759 2144 813 2211 καὶ
841 2141 987 2223 θάνατος
1014 2137 1218 2224 Ἐτεοκλέους
1240 2145 1295 2212 καί

197 2253 427 2332 Πολυνείκους.

297 2362 330 2428 D
364 2355 521 2449 ἐδιδάχθη
543 2363 600 2430 ε’πὶ
613 2365 806 2450 Θεαγενίδου
822 2358 1001 2449 ὀλυμπιάδι
1015 2359 1073 2450 οη’.
1095 2363 1182 2430 ἐνίκα
1193 2365 1292 2450 Λαΐῳ

200 2471 354 2540 Οἰδίποδι
375 2469 475 2539 Ἑπτά
498 2472 554 2538 ἐπὶ
577 2469 689 2560 Θήβας
700 2473 815 2561 Σφιγγί
837 2476 1002 2562 σατυρικῇ.
1023 2468 1175 2556 δεύτερος
1197 2472 1295 2559 Ἀρι-

197 2582 288 2661 στίας
303 2586 430 2666 Περσεῖ
443 2578 596 2668 Ταντάλῳ
608 2584 811 2660 Παλαισταῖς
829 2587 1015 2669 σατυρικοῖς
1036 2587 1107 2662 τοῖς
1127 2583 1293 2668 Πρατίνου

196 2686 331 2774 πατρός.
355 2690 465 2776 τρίτος
487 2686 745 2778 Πολυφράδμων
766 2690 974 2779 Λυκουργείηι
995 2691 1196 2780 τετραλογία.

295 2799 413 2866 desunt
435 2798 575 2866 ABER

353 2909 441 2974 XIII
465 2918 696 2995 argumentum
720 2909 898 2975 Persarum
919 2910 1140 2994 Aeschyleae.

306 3022 337 3082 B
390 3018 534 3096 Γλαῦκος
566 3016 599 3083 έν
626 3023 698 3097 τοῖς
726 3017 805 3103 περὶ
833 3014 1002 3102 Λίσχάλου
1025 3013 1150 3103 μύθων
1172 3017 1207 3084 ἐκ
1229 3021 1296 3082 τῶν

200 3130 384 3193 Φοινισσῶν
413 3127 573 3212 Φρυνίχου
606 3127 688 3216 φησὶ
718 3125 795 3206 τους
823 3127 955 3214 Πέρσας
982 3131 1294 3215 παραπεποιησθαι.

197 3233 348 3322 ἐκτίθησι
368 3235 404 3303 δέ
426 3236 480 3302 καί
501 3233 559 3322 την
579 3229 678 3324 ἀρχὴν
696 3240 759 3303 τοῦ
781 3231 945 3322 δράματος
966 3232 1093 3323 ταύτην·

357 3341 436 3412 (τάδ’
462 3345 531 3412 ἐστὶ
555 3349 696 3430 Περσων
718 3349 784 3410 τῶν
805 3341 907 3411 πάλαι
931 3338 1137 3432 βεβηκάτων’.

198 3452 283 3540 πλην
303 3452 371 3520 ἐκεῖ
392 3447 552 3537 εὐνοῦχός
569 3454 656 3521 ε’στιν
677 3447 838 3541 άγγέλλων
860 3455 893 3521 έν
915 3447 997 3545 άρχῇ
1019 3452 1077 3542 τὴν
1098 3455 1220 3540 Ξέρξου
1242 3441 1293 3542 ἧτ-

197 3586 266 3647 ταν,
288 3559 425 3648 στορνύς
446 3588 481 3629 τε
512 3559 657 3649 θράνους
681 3561 770 3643 τινάς
798 3569 870 3644 τοῖς
899 3569 957 3652 τῆς
982 3557 1082 3652 άρχῆς
1107 3563 1295 3650 παρέδρους,

197 3671 346 3738 ἐνταῦθα
368 3671 404 3739 δὲ
427 3673 614 3759 προλογίζει
636 3670 735 3758 χορὸς
758 3677 997 3758 aquarumve.

298 3862 333 3912 24
351 3860 426 3914 Haec
446 3860 533 3914 verbu
552 3859 648 3929 inepte
666 3859 762 3913 addite
786 3864 852 3914 sunt
876 3877 892 3912 a
918 3859 1074 3914 recentiore
1103 3859 1294 3929 grammatico,

197 3956 245 4026 qui
265 3958 358 4012 locum
376 3956 514 4011 secundae
534 3960 563 4009 et
577 3956 677 4009 tertiae
693 3956 802 4010 fabulae
815 3956 954 4011 confudit.
973 3956 1046 4010 alter
1057 3956 1207 4010 scholiasta
1216 3960 1294 4010 reete

195 4057 305 4106 monet:
332 4055 426 4106 ἰστέον
448 4047 489 4104 ὅτι
515 4048 547 4104 οὐ
573 4049 641 4104 κατὰ
665 4049 714 4106 τὸν
739 4049 833 4107 κοινὸν
852 4049 937 4122 λόγον
956 4054 986 4107 ἐν
1004 4053 1042 4123 τῷ
1060 4047 1197 4121 Καυκάσῳ
1226 4054 1296 4123 φησὶ

196 4149 333 4203 δεδέσθαι
343 4145 393 4202 τὸν
402 4151 567 4219 Προμηθέα,
587 4144 656 4200 άλλά
674 4146 744 4220 πρὸς
762 4156 818 4208 τοῖς
829 4145 1001 4219 Εὐρωπαίοις
1017 4153 1134 4220 τέρμασι
1151 4144 1295 4202 τοῦὩκεα-

199 4245 256 4308 νοῦ,
276 4242 312 4304 ὥς
332 4241 389 4298 άπὸ
408 4246 463 4300 τῶν
480 4243 550 4316 πρὸς
568 4243 618 4312 τὴν
633 4243 675 4300 Ἰὼ
694 4251 855 4318 λεγομένων
872 4248 930 4301 ἔστι
949 4249 1107 4317 συμβαλεῖν.

302 4343 337 4394 25
356 4341 431 4409 Quae
455 4342 485 4394 in
497 4341 527 4395 M
541 4346 710 4411 sequuntur:
730 4344 829 4397 τῶνδὲ
847 4345 941 4415 χορῶν
958 4342 990 4397 τά
1007 4348 1062 4414 μέν
1081 4344 1139 4396 ἐστι
1158 4338 1295 4414 παροδικά
