3000 5176
639 364 697 430 109

111 538 303 627 πυθόμενοι
323 547 437 609 ταῦτα.
473 540 512 608 τδ
536 531 622 630 ἦθος
643 539 823 631 ἐμιμήσατο
845 547 912 608 τῶν
933 536 1133 633 ἀφεστώτων
1153 546 1211 630 της

111 651 224 732 οἰκίας·
242 648 367 719 ὁπόταν
387 651 445 737 γάρ
467 653 619 739 δυσχερές
638 678 670 719 τι
690 645 820 741 ἀπαντᾷ
841 652 1028 736 μακαρίζειν
1049 647 1210 719 εἰώθασιν

48 752 51 756 ’
110 758 168 841 τὰς
189 762 360 847 πατρίδας.

196 871 265 939 OT.
289 873 351 938 463
371 863 544 938 άκόλουθά
569 870 637 938 ἐστι
656 867 697 935 τά
720 874 779 935 τοῦ
800 873 900 954 χοροῦ
923 866 1010 954 πρός
1032 866 1073 935 τά
1094 892 1210 953 προει-

112 980 241 1067 ρημένα.
263 985 322 1046 νῦν
344 979 380 1047 δὲ
396 974 459 1047 οῦκ
483 979 572 1047 ἔστιν
592 972 709 1058 αῦτοῖς
721 973 948 1064 εύπρόσωπον
959 972 1209 1064 ἀναλογίζεσθαι
1222 990 1245 1041 5.

111 1090 190 1175 περὶ
211 1077 258 1156 τόν
278 1083 373 1156 εἶπεν
396 1087 413 1157 ὁ
433 1086 556 1174 μάντις.
585 1087 636 1156 διό
660 1084 890 1175 ἀνατρέχουσιν
910 1088 966 1155 ἐπὶ
986 1085 1024 1155 τό
1043 1083 1210 1172 μάντευμα

110 1203 170 1266 τοῦ
189 1204 289 1266 θεοῦ.

194 1309 248 1374 Αἰ.
273 1308 353 1374 1205
376 1345 416 1353 —-
444 1297 579 1390 άκαιρον
608 1306 668 1391 μέν
697 1308 776 1392 περὶ
808 1305 933 1392 ἔρωτος
959 1310 1149 1394 μεμνῆσθαι
1176 1305 1209 1372 έν

111 1423 182 1496 τοῖς
201 1422 372 1502 παροῦσιν,
410 1411 500 1501 ὅμως
530 1418 571 1483 δι’
594 1408 796 1483 ἀκολουθίαν
825 1417 883 1504 την
904 1412 990 1501 πρὸς
1012 1411 1053 1480 τά
1074 1415 1210 1500 προκεί-

111 1552 193 1611 μενα
213 1530 310 1593 τοῦτο
331 1530 434 1593 ποιεῖ.
1225 1529 1258 1579 10

195 1638 313 1704 Traoh.
335 1637 395 1701 497
418 1636 499 1721 μέγα
518 1659 550 1701 τι
570 1633 707 1713 σθένοςι
729 1630 916 1713 -εἰκότως
938 1631 956 1700 δ
980 1631 1078 1720 χορός
1099 1629 1210 1700 τοιαύ-

111 1772 168 1834 την
188 1739 294 1832 ἀρχὴν
316 1746 514 1832 πεποίηται·
538 1744 704 1811 πέπαυται
728 1741 788 1831 γάρ
812 1743 830 1810 ό
853 1741 948 1831 λόγος
971 1745 1049 1829 περὶ
1074 1741 1208 1831 ἔρωτος.

195 1856 290 1921 Eum.
300 1857 364 1922 490
384 1851 403 1943 ἡ
425 1855 484 1939 μὲν
505 1847 632 1942 Ἀθηνᾶ
653 1847 809 1938 ἀπῆλθεν
830 1845 1024 1939 εύτρεπίσαι
1046 1849 1207 1933 δικαστάς,

112 1960 187 2032 δδέ
207 1954 354 2051 Ὀρέστης
386 1958 543 2029 ἱκετεύων
572 1961 673 2047 μένει,
709 1958 742 2027 αἰ
772 1962 807 2028 δέ
832 1957 975 2047 Ἐρινύες
1004 1966 1211 2052 φρουροῦσιν

112 2065 219 2139 αῦτόν.
241 2073 340 2157 μέλος
361 2073 396 2138 δέ
420 2070 542 2138 οἰκεῖον
562 2062 678 2160 ᾅδουσι
700 2075 739 2160 τῇ
763 2068 887 2138 ἓαυτιῦν
908 2064 1114 2158 προαιρέσει.
1224 2073 1256 2125 15

193 2182 317 2248 Phoen.
343 2183 423 2247 1019
446 2177 524 2264 ἔβας
547 2177 640 2264 ἔβαςε
676 2176 762 2264 πρός
789 2171 883 2246 οῦδὲν
911 2184 1019 2246 ταῦτα·
1050 2177 1118 2246 ἔδει
1146 2174 1208 2265 γάρ

110 2287 168 2357 τόν
187 2286 285 2374 χορόν
307 2287 517 2357 οἰκτίσασθαι
538 2286 597 2355 τόν
616 2284 762 2355 θάνατον
783 2293 846 2356 τοῦ
869 2289 1062 2368 Μενοικέως
1082 2284 1104 2375 ἢ
1124 2281 1207 2355 ἀπο-

113 2401 266 2483 δέχεσθαι
287 2396 347 2486 την
367 2391 530 2485 εύψυχίαν
549 2403 613 2464 τοῦ
635 2400 812 2466 νεανίσκου.
852 2393 937 2465 ἀλλά
955 2398 996 2464 τά
1020 2398 1099 2483 περί
1122 2395 1211 2466 Οἰδί-

112 2535 178 2577 που
200 2511 255 2575 καί
275 2513 334 2596 της
355 2504 497 2597 Σφιγγός
518 2510 674 2595 διηγεῖται
695 2505 737 2575 τά
760 2503 918 2587 πολλάκις
937 2506 1098 2595 εἰρημένα.

197 2621 250 2703 Αἰ.
265 2621 344 2684 1418
368 2616 497 2696 οἰκείως
521 2615 587 2700 ἔχει
605 2622 677 2696 τοῖς
696 2610 1016 2706 ἀπαλλαχθησεσθαι
1036 2619 1209 2703 μέλλουσιν
1222 2625 1257 2677 20

111 2723 131 2815 ἦ
152 2726 319 2794 τελευταία
340 2722 460 2813 γνώμη,
482 2722 533 2792 ὅτι
556 2721 696 2794 πλεῖστά
716 2726 784 2794 ἐστι
806 2732 878 2807 τοῖς
889 2720 1083 2815 ἀνθρώποις
1094 2732 1209 2814 γνῶναι

112 2839 163 2905 ἐπ’
187 2831 296 2904 αύτῶν
316 2841 382 2903 τιῦν
407 2831 607 2923 πραγμάτων
625 2836 810 2922 γινομένων.
843 2837 1020 2925 προμηθίᾳ
1041 2836 1077 2903 δὲ
1096 2828 1210 2903 ἀδύνα-

111 2972 169 3013 τον
197 2941 387 3032 χρήσασθαι
408 2946 462 3010 καί
490 2940 746 3029 μαντεύσασθαι,
777 2939 797 3009 ό
817 2969 849 3010 τι
873 2943 957 3010 ποτέ
978 2936 1210 3031 ἀποβήσεσθαι

110 3056 231 3141 μέλλει.
252 3058 358 3120 ταῦτα
380 3055 415 3121 δὲ
437 3050 504 3139 ἀμα
524 3052 671 3136 λέγοντες
690 3053 931 3138 προπέμπουσι
946 3049 1004 3120 τόν
1026 3052 1138 3138 νεκρδν
1158 3054 1211 3118 καί

111 3165 230 3252 γίνεται
257 3162 371 3247 ἔξοδος
394 3163 569 3249 πρέπουσα
590 3166 637 3249 τῷ
660 3158 817 3249 λειψάνηι.
1223 3171 1257 3223 25

196 3275 239 3340 ib.
253 3274 313 3340 693
337 3271 444 3364 έφριξ
459 3271 575 3358 ἔρωτιι
597 3273 707 3359 χρείας
727 3270 821 3339 ἕνεκα
842 3268 880 3339 τὸ
901 3268 1032 3359 χορικδν
1052 3275 1108 3337 νῦν
1129 3296 1210 3355 παρ·

112 3384 272 3476 είληπται·
293 3378 489 3466 ἐξελθόντος
510 3380 568 3470 γάρ
583 3387 642 3451 τοῦ
652 3377 803 3464 Αἴαντος
825 3380 892 3451 ἔδει
912 3379 1016 3468 βραχύ
1038 3377 1212 3465 διάλειμμα

204 3624 220 3676 6
239 3617 436 3693 ἀνατρέχουσιν
455 3621 478 3674 G
496 3616 639 3693 ἀνατρέχει
656 3599 682 3675 L
697 3623 846 3689 utrumque
865 3623 949 3674 recte.

204 3719 221 3772 9
239 3713 316 3790 ὅμως
335 3718 371 3771 δι’
389 3715 557 3772 ἀκολουθίαν
578 3713 627 3783 τὴν
653 3712 723 3787 πρὸς
742 3713 775 3769 τά
800 3721 967 3789 προκείμενα
991 3715 1069 3768 τοῦτο
1093 3719 1169 3768 ποιεῖ
1185 3713 1209 3767 V

113 3818 158 3867 καὶ
178 3811 345 3869 ἀκολουθίαν
362 3814 386 3868 L
404 3816 462 3868 κατ’
482 3811 650 3867 ἀκολουθίαν
668 3813 699 3868 G.
709 3812 838 3869 Wolffius
857 3816 888 3867 de
906 3815 1000 3867 ττίιοίί.
1022 3815 1104 3866 Lam.
1124 3828 1152 3880 p.
1169 3813 1209 3864 16.

240 3911 544 3967 cfr.schol.Pr0m.561
565 3897 654 3978 τὸτῆς
668 3907 736 3971 Ἰοῦς
754 3905 912 3966 ἐπεισόδιον
930 3909 1056 3982 μονῳδεῖ
1071 3907 1134 3981 μὲν,
1155 3908 1212 3979 ἔχει

113 4009 144 4062 δὲ
175 4007 244 4079 πρὸς
273 4007 304 4062 τὸ
332 4007 517 4080 ὑποκείμενον
543 4008 674 4080 συναφὲς,
702 4003 743 4061 ὅτι
773 4003 933 4080 μαντεύεται
962 4001 1028 4078 αὐτῇ
1058 4003 1073 4057 ὁ
1098 4012 1212 4077 Προμη-

112 4103 185 4171 θεὺς,
208 4101 250 4158 ὅτι
267 4102 315 4158 ἀπ’
336 4101 417 4172 αὐτῆς
437 4107 512 4159 ἔσται
530 4099 577 4175 ιγ’,
602 4101 632 4165 ὃς
650 4101 721 4175 αἰνῷ
737 4098 831 4175 χρόνῳ
850 4105 992 4176 ἒπαμυνεῖ.
1012 4095 1100 4160 άλλως
1117 4117 1145 4153 τε
1165 4103 1212 4152 καὶ

113 4199 179 4270 αῦτὴ
198 4199 252 4256 ὑπὸ
271 4198 339 4262 Διός
358 4218 445 4274 φησιν
462 4199 612 4269 ἠδικῆσθαι
633 4205 679 4256 καὶ
697 4197 743 4254 διά
760 4202 838 4254 τοῦτο
855 4204 1059 4271 παραμυθεῖται
1077 4193 1127 4253 τὸν
1136 4203 1210 4267 Προ-

113 4305 215 4373 μηθέα.

185 4398 219 4450 22
237 4400 394 4468 γινομένων
412 4395 437 4450 R
454 4396 500 4452 Br.
521 4399 679 4468 γινομένοις
696 4393 720 4448 L
739 4389 874 4466 γινόμενα
893 4393 925 4449 V.
