3000 5176
662 362 720 426 103

225 542 269 609 ib.
290 544 352 610 295
383 544 437 610 καὶ
465 540 526 622 τοῖς
558 541 627 610 ἐκεῖ
646 544 705 628 μέν
729 543 791 611 οδκ
814 542 878 627 ἐχω
904 545 1024 631 λέγεινε
1055 549 1157 612 τοῦτο
1182 544 1241 629 μέν

142 652 288 741 οἶγνοεῖῆ
304 653 475 741 Τέκμησσα
494 654 606 739 λέγειν,
628 657 730 720 τοῦτο
756 653 792 720 δέ
812 659 977 738 προεῖπεν
998 646 1081 721 αέτδ
1104 652 1122 720 ὁ
1145 679 1239 739 ποιη-

140 760 216 850 τῆς·
239 760 285 841 αῖς
308 761 451 845 ἐνοχλεῖν
472 755 515 829 οὔ
537 763 589 829 δεῖ
609 761 667 828 τδν
688 759 813 850 θεατὴν
835 763 1105 848 ταυτολογοῦντα.

226 873 352 938 Ρῖιοοο.
374 875 453 939 1357
480 865 570 939 οἶσθ’
596 864 652 937 οδε
670 909 708 919 -
725 873 832 950 καλοῖς
852 860 914 938 οὖν
935 873 989 937 καὶ
1011 867 1066 938 διδ
1091 875 1240 956 πιθανῆς

139 973 294 1070 υῖῳορμῆς
314 979 356 1047 τα
380 981 601 1068 προειρημένα
631 976 698 1048 δπδ
729 985 788 1047 τοῦ
811 976 946 1065 πρώτου
978 973 1114 1068 οἷγγέλου
1146 975 1269 1047 ἐπιδ-5

140 1113 254 1177 πηοεν.
916 1104 919 1109 ’

225 1200 279 1265 Αἰ.
303 1199 364 1264 735
386 1198 420 1265 ἐν
440 1195 610 1286 συντόμῳ·
634 1192 693 1266 οὐκ
716 1193 889 1286 ἀναγκαῖον
910 1197 971 1286 γαρ
996 1201 1136 1286 διλογεῖν
1162 1200 1241 1285 περὶ

141 1294 187 1375 ὦν
209 1299 348 1394 ῆκουσεν
371 1307 389 1375 δ
411 1303 584 1396 οἷκροατῆς.

226 1416 297 1484 ΟΤ.
321 1417 382 1482 637
402 1418 509 1495 καλοῖς
529 1416 565 1484 δέ
586 1417 624 1484 οὐ
646 1411 853 1483 πυνθάνεται
877 1413 938 1503 τῆν
965 1414 1072 1483 αἰτίαν
1091 1422 1149 1504 τῆς
1172 1415 1240 1502 ἐρι-

140 1528 207 1611 δος,
239 1524 274 1591 ἐκ
294 1524 418 1603 παντδς
445 1525 669 1612 ἀπαλλαγῆναι
689 1519 811 1604 αὐτοδς
831 1526 1012 1611 βουλομένη
1035 1521 1102 1609 ἅμα
1127 1525 1162 1592 δέ
1186 1528 1240 1592 καὶ
1255 1541 1288 1590 10

140 1631 185 1723 μῆ
209 1634 334 1722 διλογία
355 1623 385 1726 ᾖ.

226 1745 349 1811 Electr.
369 1745 433 1810 660
453 1743 471 1812 ὁ
493 1745 702 1831 παιδαγωγός
724 1741 794 1833 ῆκει
807 1741 1018 1829 πλασάμενος
1032 1745 1074 1811 w*
1090 1745 1168 1831 περὶ
1180 1751 1239 1813 τοῦ

140 1850 290 1920 θανάτου
319 1853 480 1938 Ὀρέστου.
521 1848 560 1919 τδ
589 1853 625 1920 δέ
653 1841 739 1940 ῆθος
770 1846 874 1919 αὐτοῦ
899 1853 1000 1938 μέσον
1032 1854 1127 1934 ἐστὶν,
1164 1846 1238 1921 οῖτε

141 1962 415 2048 οῖποικτιζομένου
440 1960 652 2030 παντάπασιν
677 1955 755 2030 οἷῖτε
782 1961 952 2050 ῆδομένου,
975 1963 1044 2029 αλλ’
1068 1959 1114 2042 αῖς
1138 1963 1238 2046 ξένου.

140 2073 298 2158 εῖκαίριος
322 2072 358 2140 δέ
384 2069 454 2162 ῆκει
484 2070 548 2155 ἐξω
577 2065 684 2139 οὗσυῖν
709 2063 920 2160 ἀμφοτέροιν·
955 2077 1090 2157 πρῶτον
1115 2074 1168 2139 ἵνα
1193 2071 1238 2161 μῆ
1255 2088 1286 2138 15

140 2183 347 2270 δισσολογοίη
371 2180 458 2267 πρδς
480 2175 671 2270 υῖμῳοτέρας
693 2174 910 2268 υῖπαγγέλλων·
934 2178 1086 2267 δεύτερον
1101 2180 1236 2266 πρδςτδ

140 2293 331 2379 δηλωθῆναι
354 2291 414 2379 τῆν
435 2288 565 2379 γνώμην
587 2291 793 2380 ἀμφοτέρων.
828 2295 983 2370 πιθανοῖς
1004 2290 1040 2358 δέ
1065 2290 1171 2379 ἐρωτᾷ
1193 2287 1239 2370 οῖς

141 2394 274 2487 ἀγνοεῖν.

225 2512 279 2577 Αἰ.
303 2512 363 2576 784
385 2499 413 2576 οῖ
435 2511 510 2578 δαία
536 2509 724 2598 Τέκμησσαε
758 2510 846 2590 τίνος
869 2509 976 2577 ἐνεκεν
996 2503 1059 2578 οδκ
1083 2511 1238 2598 ἐποίησεν

140 2620 289 2703 ἐξιοῦσαν
309 2619 369 2708 τῆν
395 2621 599 2708 Τέκμησσαν,
633 2623 687 2686 ἵνα
712 2620 795 2704 μετὰ
819 2623 878 2687 τοῦ
908 2625 1007 2705 χοροῦ
1037 2613 1164 2710 οῖκούση
1194 2619 1235 2688 τα
1251 2635 1286 2684 20

139 2730 217 2814 περὶ
238 2733 301 2796 τοῦ
311 2725 470 2814 Λῖαντος,
493 2725 538 2809 ὥς
552 2731 585 2797 ἐν
599 2735 671 2809 τοῖς
692 2721 807 2809 οῖ’λλοις
827 2725 999 2814 δράμασιν,
1022 2728 1057 2796 ἐν
1079 2755 1114 2796 τε
1125 2723 1236 2797 Ἠλέκ-

140 2863 201 2927 τρηι
214 2840 268 2904 καὶ
283 2834 437 2905 Οἰδίποδι
452 2835 522 2923 δι’μα
541 2843 588 2925 τῳ
611 2841 699 2925 χορῷ
721 2838 782 2917 τας
803 2842 870 2904 τοῖν
891 2843 1049 2924 γυναικοῖν
1070 2835 1238 2924 προόδους

139 2955 242 3033 ποιεῖ,
268 2950 322 3014 ἵνα
349 2945 394 3037 μῆ
421 2949 656 3034 δισσολογυῖσιν
678 2943 710 3014 οῖ
733 2940 878 3034 ἅγγελοις
913 2948 1028 3036 ρητέον
1050 2938 1119 3028 οὖν,
1145 2945 1198 3016 ὅτι
1219 2946 1236 3016 ἶ

139 3053 233 3136 Λῖας
252 3057 418 3125 ἐκέλευσεν
437 3051 539 3145 αὕτῆν
559 3059 627 3123 κατ’
640 3050 732 3124 οἷκον
754 3049 918 3140 εἷῖξασδαι
938 3062 1009 3136 τοῖς
1019 3063 1117 3137 θεοῖς
1133 3056 1238 3126 εἰπεῖν

138 3172 188 3251 (v.
205 3169 287 3250 579>
305 3164 371 3234 ‘nai
399 3169 493 3252 δῶμα
521 3160 671 3234 πάκτου).
715 3158 795 3233 ου’δέ
821 3165 880 3250 μέν
900 3163 1105 3251 αἰχμαλώτου
1128 3173 1237 3256 σχῆμα
1250 3179 1284 3230 25

140 3274 278 3360 ἐχουσαν
305 3274 373 3344 ἔδει
401 3281 544 3360 συνεχεῖς
567 3276 694 3359 ἐξιέναι,
727 3271 867 3360 μάλιστα
898 3276 931 3342 ἐν
962 3273 1105 3364 τοιούτῳ
1134 3278 1236 3365 καίρῳ

138 3380 378 3473 ῆγρυπνηκυῖαν
398 3386 451 3453 καῖ
473 3386 806 3473 παρηκολουθηκυῖαν
827 3389 866 3475 τῆ
888 3389 950 3451 τοῦ
963 3380 1113 3464 Αἴαντος
1127 3387 1235 3474 μανία·

140 3494 207 3563 ἐδει
229 3484 286 3562 οὖν
305 3495 386 3582 μέγα
409 3520 441 3561 τι
463 3498 605 3584 ῳανῆναι
632 3489 670 3559 τδ
693 3489 805 3579 ἐξάγον
833 3487 952 3581 αὕτῆυ·
986 3494 1037 3561 διδ
1066 3491 1153 3580 πρὸς
1179 3492 1237 3562 τδν

224 3718 241 3768 2
259 3715 297 3770 ib.
317 3718 368 3769 301
387 3717 463 3774 τέλος
479 3708 594 3784 ὑπᾴξαςε
616 3711 632 3779 ῆ
651 3712 706 3786 μὲν
728 3717 880 3784 Τέκμησσα
900 3708 991 3784 ἠγνόει
1014 3719 1065 3769 τίνι
1085 3716 1235 3769 διείλεκται·

138 3810 217 3883 ἡμεῖς
235 3812 267 3864 δὲ
287 3805 495 3885 μεμαθήκαμεν
521 3813 552 3865 ἐκ
575 3813 622 3864 τοῦ
648 3804 795 3881 προλόγυυ,
822 3806 864 3863 ὅτι
880 3807 981 3877 Ἀθηνᾶ
1003 3803 1036 3878 ῆν
1060 3807 1235 3878 ἡλαλῆσασα

138 3906 218 3979 αὐτῷ.

230 4005 365 4059 7D0nat.
386 4004 423 4058 ad
440 4005 521 4059 Adel.
543 4005 621 4070 1114,
644 4008 656 4056 l
680 4009 734 4058 iam
759 4011 884 4060 narravit
913 4009 989 4070 Geta,
1016 4016 1041 4058 et
1065 4017 1146 4058 recte.
1183 4025 1236 4058 υοκ

140 4106 208 4155 em‘m
228 4103 298 4172 apud
317 4113 481 4172 spectatores
502 4107 599 4155 iterum
619 4107 728 4169 suerunt
747 4103 868 4165 dicenda,
888 4121 955 4170 ηνοε
975 4103 1135 4153 dictasunt.

210 4200 241 4249 ll
261 4196 380 4264 schol.Q
395 4198 480 4269 ,11453
500 4197 583 4263 δῆλον
601 4188 649 4251 οὗν
667 4192 708 4249 ὅτι
727 4199 755 4248 αἱ
773 4197 837 4266 παρ’
853 4189 959 4267 Ὁμήρῳ
977 4195 1149 4265 δισσολογίαι
1166 4195 1234 4250 κατὰ

137 4299 237 4365 τέχνην
254 4298 299 4347 καὶ
313 4299 412 4365 χρείαν
428 4297 619 4365 προέρχονται,

212 4394 242 4444 12
262 4390 368 4445 adhoc
388 4390 512 4445 scholion
531 4392 638 4462 relegat
663 4389 814 4444 scholiasta
830 4389 966 4444 lectorem
985 4389 1021 4442 ad
1040 4389 1084 4443 El.
1106 4391 1182 4443 1384.
