3000 5176
656 326 696 391 lu

122 504 249 596 (Ἕκτωρ
272 504 437 594 ἀπώλετο,
465 505 674 594 κωλυόμενος
696 506 764 577 διεδ
787 515 853 576 τοῖν
872 508 1119 598 διγμογερόντων
1141 538 1223 597 προ-

129 619 252 685 ελδεῖν.
274 619 328 684 καί
348 618 484 704 κατέστη
498 613 537 683 δν
551 615 723 705 ἐξαγώνιον
737 617 775 685 τὸ
799 616 921 686 λοιπδν
941 621 1042 706 μέρος
1061 626 1119 710 τῆς
1137 615 1224 689 >Ιλιά-

129 730 194 808 δος.
240 730 361 795 similia
391 732 432 796 de
459 730 613 796 universa
644 730 823 795 carminum
849 731 1037 796 oeconomia
1061 732 1226 799 subtiliter

129 840 345 905 observantur
368 840 402 905 in
425 841 533 927 amplo
556 840 679 904 scholio
706 839 762 904 BL
785 844 824 904 A
836 843 849 903 l
875 841 978 906 schol.
994 840 1021 906 B
1035 844 1095 905 o1
1120 842 1224 907 schol.

129 948 313 1016 BLB494.
358 950 538 1015 notandum
570 950 666 1014 etiam
699 960 748 1014 est
779 950 928 1014 scholion
953 947 1129 1015 BLB‘ltu
1151 954 1226 1030 πῶς

127 1054 301 1143 προειπών
322 1050 448 1138 αδτοδς
468 1058 669 1144 γεγελακέναι
684 1059 851 1124 σπουδαῖα
872 1059 927 1125 καὶ
948 1051 987 1125 οὗ
1008 1060 1119 1145 γελοῖα
1139 1085 1225 1145 παρ-

126 1161 196 1252 άγει
221 1167 391 1254 λέγοντας,·
424 1164 504 1250 τάχα
532 1156 683 1246 οὖντοῖς
707 1168 762 1233 έπὶ
787 1168 946 1253 Θερσίτου
969 1166 1163 1258 περιῄρηται
1185 1167 1224 1235 τδ

127 1271 239 1361 δρασδ
268 1277 323 1342 καὶ
351 1272 629 1362 παρρησιαστικὸν
658 1269 766 1341 αὐτῶν
792 1272 810 1341 δ
835 1273 1015 1356 Ὀδυσσεύς.
1060 1270 1167 1357 άλλως
1188 1302 1224 1344 τε

127 1389 440 1470 προοικονομεῖ
460 1382 508 1463 εἷς
528 1380 604 1470 iilo-v
625 1380 686 1470 τήν
708 1383 842 1469 ποίησιν
862 1377 1039 1471 ἀμνηστίαν
1063 1386 1223 1471 Θερσίτου

128 1494 182 1560 διδ
191 1497 255 1560 τοῦ
265 1498 315 1577 <v.
327 1487 468 1575 2ἵ6>(οι’Ι
489 1490 556 1581 δήν
577 1519 633 1577 μιν
654 1489 753 1558 πάλιν
771 1481 861 1572 αὖτις
879 1488 989 1581 ἀνήσει
1007 1495 1123 1579 ,θυμός
1143 1489 1224 1584 α’γὴ-

126 1599 213 1690 νωρ’,
237 1607 358 1694 quippe
383 1607 469 1693 quod
493 1616 657 1693 sumptum
676 1606 716 1670 sit
738 1628 777 1670 ex
791 1608 929 1670 verboso
941 1605 1119 1692 Porphyrii
1139 1631 1223 1672 com·

128 1715 325 1780 mentatione
349 1716 383 1779 in
410 1717 447 1800 B,
476 1716 533 1780 ubi
558 1718 901 1800 προσοικονομεῖσδαι
929 1715 1165 1779 emendandum
1188 1715 1222 1779 in

126 1829 456 1909 προοικονομεῖσθαι.
478 1824 675 1897 luculentior
702 1823 738 1887 fit
761 1823 948 1908 tragoediae
963 1825 1052 1888 notio
1068 1824 1107 1888 iis
1129 1825 1222 1889 scho-

129 1933 191 2015 liis,
215 1936 332 2019 quibus
355 1934 433 2018 quid
446 1934 611 1999 Homerus
637 1933 760 2019 primus
783 1933 950 1998 induxerit
966 1933 999 1999 in
1019 1934 1221 2018 tragoediam

127 2043 315 2131 exponitur.
335 2044 437 2108 schol.
452 2044 541 2109 ABL
557 2049 596 2107 A
606 2043 667 2108 332
689 2040 727 2108 τδ
750 2042 809 2126 μέν
824 2039 882 2127 γάρ
895 2039 1003 2108 εἰπεῖν
1016 2067 1048 2109 τι
1060 2045 1223 2127 παροξυν-

124 2148 223 2232 τικίνν,
253 2149 291 2218 τδ
321 2152 357 2218 δὲ
384 2156 565 2218 θωπεῦσαι
589 2152 826 2236 δουλοπρεπές.
868 2155 1002 2236 πρῶτος
1025 2152 1061 2219 δέ
1081 2148 1223 2239 Ὅμηρος

125 2257 293 2347 πρόσωπα
302 2257 400 2350 κωφά
412 2259 595 2349 παρήγαγεν
605 2259 653 2341 εἰς
672 2251 734 2345 τήν
749 2286 794 2346 τρ
806 2261 989 2348 αγιμδίαν.
1012 2262 1114 2326 schol.
1129 2262 1218 2328 BLV

125 2378 156 2435 Ζ
164 2371 225 2436 468
250 2375 384 2456 πρῶτος
406 2372 441 2437 δέ
463 2373 585 2450 παῖδας
607 2371 641 2437 έν
661 2371 878 2459 τραγῳδίᾳ
901 2367 1034 2457 εἰσάγει.
1074 2372 1217 2437 scholss

126 2481 209 2545 <1134
230 2481 386 2565 μετέβαλε
406 2478 464 2569 τὴν
487 2478 633 2568 διήγησιν
646 2473 802 2568 είςάλλιγν
815 2476 978 2560 διάθεσιν,
1004 2480 1184 2546 ποικίλλων
1196 2487 1222 2525 ⁷⁷

124 2583 232 2678 αὐτήν.
256 2595 390 2677 πρῶτος
421 2580 482 2657 οὖν
513 2592 567 2657 καὶ
596 2589 634 2657 τδ
662 2596 729 2657 τών
753 2594 973 2675 περιπετειιῦν
995 2583 1084 2669 εἶδος
1108 2587 1220 2674 ἔδειξε,

125 2699 277 2766 ποικίλον
297 2694 336 2765 δν
357 2700 410 2765 καὶ
432 2695 611 2785 θεατρικὸν
632 2701 686 2764 καὶ
707 2695 878 2786 κινητικόν.
921 2700 1072 2787 exempla
1096 2725 1223 2783 περι-

125 2809 294 2888 πετεὶας
324 2820 434 2875 notato
465 2811 596 2876 suntin
623 2811 726 2875 schol.
741 2809 797 2874 BL
818 2809 920 2874 Keil
947 2804 1039 2895 ἡδεῖα
1061 2803 1080 2895 ἦ
1102 2833 1223 2894 περι·

125 2916 315 2997 πέτειαῗθ,
347 2918 386 2983 τδ
408 2915 461 2984 διά
481 2916 650 2985 τοσοίτων
672 2917 837 2984 ἐλθοῦσαν
857 2913 956 3004 αὐτὴν
978 2913 1077 2982 πάλιν
1099 2914 1224 2984 σκεπά-

123 3049 178 3092 σαι
198 3020 349 3094 Ὀδυσσέα
378 3024 437 3093 τδν
467 3027 504 3110 ἒξ
521 3020 728 3094 Αὐτολύκου.
769 3028 871 3093 schol.
885 3027 952 3107 ΜΩ
972 3027 992 3092 δ
1009 3027 1049 3091 69
1071 3019 1224 3115 ἀφορμήν

124 3135 266 3219 παρέσχε
288 3140 335 3223 τῷ
358 3134 520 3224 Μενελάῳ
540 3129 849 3222 άναγνωρισμοῦ
875 3138 997 3201 καινοῦ.
1039 3134 1143 3201 έκεῖνο
1164 3135 1223 3219 μέν

123 3240 183 3330 γάρ
203 3242 323 3328 κοινδν,
341 3241 399 3311 τὸν
419 3245 480 3328 μὲν
500 3239 745 3326 πυνθάνεσθαι,
766 3241 825 3310 τδν
846 3246 882 3312 δὲ
906 3244 1147 3330 ἀποκρίνεσθαι
1171 3241 1222 3310 ὅτι

121 3346 298 3432 Ὀδυσσέως
319 3360 400 3434 παῖς
422 3350 578 3441 τυγχάνει,
604 3349 718 3440 ώσπερ
742 3354 835 3440 παρά
861 3354 1003 3441 Νέστορι
1024 3353 1222 3439 πέπρακται,

225 3578 259 3628 77
277 3576 352 3630 Voce
371 3578 520 3629 ποικίλλειν
537 3578 597 3629 tam
615 3575 650 3629 de
668 3575 790 3629 dictione
810 3592 893 3644 quom
912 3574 1114 3643 compositione
1124 3575 1222 3628 carmi·

124 3689 190 3724 num
209 3673 356 3741 permultis
382 3673 451 3726 locis
476 3673 567 3726 utitur
587 3671 760 3742 Porphyrius
785 3672 873 3727 veluti
898 3671 984 3727 schol.
1000 3671 1023 3724 B
1041 3673 1131 3726 Λ269
1148 3679 1222 3741 [Iop-

123 3773 237 3839 φυρίουε
257 3797 292 3808 -
311 3770 358 3822 ἐπὶ
376 3770 408 3822 δὲ
427 3771 483 3825 τῶν
503 3764 606 3840 Τρώων
624 3771 662 3824 ἔτι
681 3763 943 3839 ποικιλώτερον
960 3773 1095 3841 κέχρηται.
1135 3768 1220 3824 schol.

122 3865 190 3935 Λίί)
208 3870 236 3919 Σ
245 3867 297 3919 309
321 3872 497 3938 Πορφυρίουε
525 3899 549 3906 -
570 3862 646 3928 άξιον
664 3869 847 3939 σημειοῦσθαι
867 3862 907 3919 ὅτι
928 3869 1123 3920 ποικίλλων
1140 3863 1221 3926 αὐτὸς

122 3959 220 4016 ἑαυτὸν
243 3955 329 4022 άλλως
353 3967 399 4015 καὶ
416 3957 503 4022 ίίλλως
520 3959 660 4035 ἑρμηνεάει
680 3961 726 4017 διὰ
744 3958 870 4035 δύναμιν.
908 3962 1068 4017 εελιολΒΣ
1075 3964 1127 4016 356
1149 3969 1222 4035 Πορ-

123 4061 234 4127 φυρίουι
254 4086 288 4096 -
306 4059 506 4110 ποικίλλειν
526 4053 568 4111 ἀεὶ
587 4053 775 4121 σπουδάζοντα
799 4055 848 4125 τὴν
865 4064 978 4124 ποίησιν
996 4061 1047 4112 etc.

222 4154 257 4206 78
273 4153 314 4206 De
334 4153 466 4222 Autolyci
486 4154 566 4223 gslea
584 4169 675 4208 sermo
694 4157 747 4223 est,
767 4170 851 4222 quam
860 4153 955 4207 Vlixes
974 4159 1073 4208 nactus
1090 4153 1134 4208 sit.
1153 4153 1220 4208 hoec

122 4251 339 4318 εελπεριπέιεια.
358 4250 485 4306 videmus
503 4251 614 4317 iterum,
634 4254 772 4320 quantum
784 4252 908 4306 omiserit
926 4251 1123 4321 voxproprioe
1135 4251 1220 4320 signi-

121 4342 266 4401 flectionis.
1129 4343 1132 4347 ’
