3000 5176
113 554 218 635 πίνως
247 558 506 646 δικαιολογεῖται,
541 560 615 627 ε’πεί
638 558 668 628 οῖ
690 560 724 628 ἐν
744 563 865 642 δεινοῖς
887 562 941 627 καί
961 559 1025 643 ἔξω
1047 543 1208 645 λογισμοῦ

112 688 183 731 τινα
202 663 386 753 πράσσουσι
409 671 462 736 καί
482 668 530 750 εἷς
549 667 653 750 θεούς
672 665 779 759 ἀσεβῆ
800 671 1009 763 φθέγγονται.

195 779 331 867 Hippol.
345 781 406 846 178
427 781 460 847 τί
480 781 509 847 α’
533 779 593 867 ἐγώ
617 776 746 866 δράσωι
768 777 807 848 τό
829 770 915 869 ἦθος
937 772 1150 867 ἀπειρηκυίας
1168 785 1209 871 τῇ

111 887 288 976 θεραπείᾳ,
310 884 394 954 ὥστε
415 894 506 980 κοινῇ
523 885 582 956 τόν
596 889 670 974 βίον
688 890 894 978 βλασφημεῖν
914 885 1132 976 προάγεσθαι.
1155 886 1207 957 διδ

111 995 165 1060 καί
177 992 216 1061 τό
229 995 391 1082 γνωμικὸν
406 993 620 1084 ε’πεισάγεται,
639 994 722 1084 ὅπερ
742 995 888 1085 σύνηθες
902 1002 974 1078 τοῖς
987 1001 1208 1081 δυστυχοῦσιν.
1222 1010 1237 1061 5

197 1105 268 1173 OT.
281 1109 322 1173 85
340 1098 428 1190 άναξ,
450 1105 529 1192 ἐμόν
549 1103 714 1195 κήδεομαι
735 1103 821 1174 ῖδιον
842 1113 909 1173 τῶν
935 1109 969 1175 ἐν
998 1109 1090 1197 χρείᾳ
1110 1114 1209 1175 καθε-

112 1210 249 1282 στώτων
270 1217 552 1306 φιλοφρονεῖσθαι
572 1217 718 1302 μείζοσιν
750 1213 905 1302 ὀνόμασιν
940 1214 1022 1298 τούς
1056 1242 1210 1286 ταπεινο-

112 1324 235 1407 τέροος.

197 1435 250 1502 Αἰ.
272 1437 336 1501 340
357 1427 386 1502 ιῖ
406 1461 464 1520 μοι
477 1431 608 1517 τάλαιν’,
622 1429 828 1519 Εάρόσακεςε
851 1429 1041 1524 ἀπορούσης
1055 1437 1094 1503 τδ
1107 1424 1209 1525 ἦθος·

111 1541 150 1610 τό
164 1545 223 1629 μὲν
235 1538 427 1630 ἀποιμώζει,
452 1544 493 1612 τό
515 1544 551 1611 δὲ
574 1546 666 1611 καλεῖ
686 1541 744 1612 τόν
765 1546 885 1611 παῖδα·
907 1538 979 1611 εἶτα
993 1544 1079 1629 πρδς
1091 1541 1210 1632 ἑαυτήν
1224 1566 1257 1616 10

112 1655 287 1742 ἐπαπορεῖ,
310 1655 344 1720 τί
365 1680 448 1720 ποτε
469 1659 617 1743 μενοινᾷ·
641 1655 694 1721 καί
720 1650 820 1721 πάλιν
840 1655 932 1721 καλεῖ
952 1651 1010 1721 τόν
1030 1656 1134 1721 παῖδα
1156 1655 1211 1720 καί
1284 1725 1287 1730 ,

112 1761 227 1853 ἑαυτὴν
246 1760 506 1855 ἀπολοφίρεται·
530 1759 721 1852 λεληθότως
744 1765 780 1831 δὲ
801 1760 989 1854 ἐνεφάνισεν
1011 1765 1065 1831 καί
1085 1761 1124 1831 τό
1145 1767 1209 1831 τοῦ

112 1871 232 1954 παιδός
254 1867 373 1959 όνομα·
396 1875 512 1942 ἐδεδίει
535 1873 580 1957 δὲ,
601 1873 647 1960 μη
670 1866 768 1960 ἀνὲλη
790 1865 892 1939 αάτόν
913 1869 1118 1959 μαινόμενος.

195 1986 238 2052 ib.
260 1985 322 2051 245
346 1980 415 2069 (δρα
442 1984 501 2049 τίν’
533 1975 593 2071 ἤδη
615 2008 666 2048 τοι
690 1986 809 2067 κράταε
832 2020 870 2031 -
902 1979 990 2069 δρῶν
1012 1984 1048 2050 δὲ
1071 1979 1089 2050 ὁ
1111 1978 1210 2067 χορός

113 2091 163 2161 δτι
184 2095 217 2162 ἐν
239 2094 381 2181 μεγίστῳ
407 2097 496 2181 κακῷ
519 2092 606 2160 ἐστιν
628 2087 732 2176 Λῖας,
765 2088 804 2158 τό
831 2090 892 2176 μὲν
920 2092 1003 2158 κατὰ
1023 2088 1081 2179 τὴν
1101 2087 1207 2172 νόσον,
1224 2106 1256 2160 15

111 2200 150 2270 τό
172 2203 208 2270 δὲ
227 2199 309 2270 κατά
327 2201 387 2290 την
400 2195 538 2289 ἀπειλήν
552 2207 618 2268 ταῖν
634 2201 805 2286 βασιλέων,
826 2204 1035 2288 διαπορεῖται
1055 2201 1089 2266 τί
1106 2224 1208 2285 πρακ-

111 2314 185 2379 τέον
198 2305 303 2400 αάτηῖ·
326 2308 470 2397 πότερον
491 2297 776 2398 ἐγκαλοιβαμένους
789 2307 920 2400 φείγειν
942 2306 1023 2378 δποι
1044 2307 1120 2377 πότ’
1141 2298 1207 2390 οὖν,

111 2417 132 2511 ἢ
151 2417 317 2489 ἀποπλεῖν
338 2417 514 2505 ἐπιβάντας
535 2421 592 2488 ἐπί
613 2425 679 2488 ταῖν
699 2425 796 2487 νειόν·
827 2420 881 2487 καί
903 2413 963 2487 οάκ
984 2416 1054 2487 ἔστι
1075 2419 1135 2504 μὲν
1155 2445 1210 2503 μι-

112 2529 190 2616 κρόν
212 2528 249 2599 τδ
275 2527 430 2610 ἐάσαντας
448 2526 506 2596 τόν
527 2525 717 2617 προστάτην
737 2522 976 2617 ἀπαλλαγῆναι·
996 2521 1077 2595 ἀλλά
1097 2528 1210 2616 σημεί-

113 2665 204 2709 νουσι
226 2637 280 2707 διά
300 2635 427 2706 τούτων
445 2636 486 2705 τὰ
507 2639 540 2705 ἐν
562 2640 643 2706 ποσί
667 2634 771 2705 δεινά·
794 2635 935 2705 ἑιοίθασι
958 2634 1019 2725 γάρ
1044 2635 1132 2706 ἔστιν
1154 2633 1208 2706 ὅτε
1222 2653 1258 2704 20

113 2747 143 2816 οῖ
166 2744 371 2835 ἀποροῦντες
394 2749 430 2833 ἕξ
448 2743 549 2837 ἀρχῆς
570 2754 705 2817 τοιαῦτα
727 2748 991 2838 προσφέρεσθαι.

197 2861 240 2927 ib.
265 2862 323 2927 179
355 2854 614 2947 ἢχαλκοθιόραξ
639 2851 659 2947 λη’
686 2860 744 2925 τιν’
768 2852 948 2936 Ἐνοάλιοςτ
983 2895 1023 2903 -
1055 2859 1211 2935 πιθανοῖς

113 2972 148 3038 δὲ
171 2971 325 3048 πλείονας
354 2968 459 3048 αἰτίας
490 2968 641 3036 τιθέασιν
663 2967 875 3052 ἀποροῦντες.
919 2962 951 3034 οῖ
972 2963 1031 3052 γάρ
1054 2960 1211 3049 στοχαζό-

111 3106 206 3165 μενοι
227 3073 265 3146 οά
285 3081 363 3146 καθ’
388 3078 424 3147 (ἓν
444 3081 601 3146 ἵστανται.

198 3188 292 3276 Sept.
318 3187 378 3252 134
409 3181 509 3252 πάλιν
531 3186 580 3264 δίς
603 3177 697 3250 εἶπεν
716 3181 755 3250 τό
778 3183 935 3250 ἐπίλυσιν.
976 3181 1211 3269 τεταραγμένης
1222 3195 1258 3248 25

112 3296 148 3363 δὲ
171 3299 277 3383 ψυχῆς
296 3300 396 3360 ταῦτα
419 3285 491 3381 ἢθη
513 3293 567 3359 καί
588 3287 762 3381 ἐμφάσεως
783 3290 890 3358 ἕνεκεν
911 3285 1078 3376 λεγόμενα.

160 3412 162 3414 ’
196 3407 237 3472 ib.
264 3406 320 3470 107
340 3401 460 3492 ἠθικόν
481 3399 518 3469 τό
543 3405 593 3482 δίς
614 3402 834 3490 ἀναφωνῆσαι.
870 3400 992 3467 δειλίαν
1010 3394 1068 3485 γάρ
1095 3397 1210 3486 ε’μφαί-

114 3539 205 3582 νοοσι
226 3512 281 3583 διά
303 3511 434 3581 τούτου.

199 3625 267 3693 OT.
294 3625 352 3690 118
377 3620 558 3711 θνήσκουσι
586 3618 648 3708 γάρ
677 3616 763 3709 πλην
795 3611 845 3699 εἷς
874 3641 939 3699 τιςτ
968 3659 1004 3668 -
1034 3607 1146 3703 ἀκρως
1175 3614 1211 3682 δὲ

115 3733 285 3822 ἀντέγραφε
308 3732 346 3800 τό
371 3721 458 3820 ἦθος
479 3735 545 3798 τῶν
567 3733 691 3798 δειλῶν.
727 3726 794 3815 άμα
814 3725 952 3816 μὲνγὰρ
975 3727 1148 3813 ἐπαίρουσι
1170 3722 1211 3792 τά
1224 3741 1259 3793 30

114 3842 335 3929 πεπραγμένα,
359 3843 412 3907 ἵνα
432 3837 476 3927 μὴ
498 3835 619 3923 δόξωσι
641 3836 695 3906 διά
714 3840 835 3906 δειλίαν
858 3843 991 3926 φυγεῖν·
1013 3832 1080 3922 άμα
1102 3837 1211 3904 δὲκαὶ

112 3951 146 4018 ἐν
167 3948 416 4038 παραφρονήσει
440 3942 533 4028 ὄντες
553 3948 595 4016 τά
617 3948 739 4034 βραχέα
761 3948 862 4033 μείζω
886 3942 1089 4029 δοξάσοοσιν.

188 4212 220 4262 19
241 4203 375 4267 ἐάσαντας
392 4208 476 4262 RBr.
499 4202 619 4262 ἐάσαντα
637 4207 669 4262 L.

184 4307 219 4359 20
238 4305 324 4359 verba
340 4305 415 4358 ἔστιν
434 4300 478 4357 ὅτε
497 4307 563 4358 ante
581 4301 613 4357 τά
632 4304 663 4358 ἐν
680 4307 748 4356 ποσὶ
767 4299 842 4357 δεινά
860 4302 946 4357 habet
965 4301 999 4365 L,
1026 4301 1074 4355 ubi
1100 4317 1211 4355 sensum

114 4401 236 4456 laedunt.
255 4400 354 4454 melius
376 4399 514 4470 leguntur,
536 4417 590 4469 quo
614 4418 648 4453 υο
666 4398 797 4468 relegavi.
