3000 5176
650 323 692 390 35

128 509 357 596 superstitibus
382 530 583 593 cognoscere
600 530 783 596 possumus,
807 508 937 574 disertis
959 511 1069 574 verbis
1095 534 1158 576 non
1178 511 1224 576 di-

129 628 246 707 sputat,
270 619 303 682 id
326 629 434 682 tamen
457 616 711 682 admodumveri
734 618 838 682 simile
862 627 928 700 cst,
949 641 1021 683 cum
1048 644 1158 685 ansam
1183 621 1224 686 de

128 727 188 792 hac
210 749 246 792 re
269 726 456 813 disputandi
478 725 716 814 posterioribus
739 726 869 791 dedisse
893 727 1124 807 grammaticis.
1148 731 1222 794 Ari·

129 837 305 923 stophanes
335 835 483 900 notitiam
508 845 572 899 tam
593 835 778 919 argumenti
811 835 940 899 fabulae
970 858 1065 922 quam
1089 860 1225 902 scaenae

127 967 408 1032 personarumque
440 944 588 1031 inprimis
618 967 659 1009 ex
681 945 813 1008 fabulae
842 945 982 1030 prologo
1007 945 1123 1028 hausit,
1153 971 1223 1011 cum

129 1055 192 1118 hoc
223 1053 427 1141 potissimum
456 1062 572 1141 poetae
595 1062 797 1140 spectatores
820 1052 921 1118 deris
944 1053 1042 1118 rebus
1067 1055 1225 1119 certiores

128 1163 282 1246 facerent,
309 1185 391 1248 quac
414 1163 454 1227 ad
477 1162 735 1245 intellegendam
766 1163 896 1226 tabulae
923 1155 1085 1228 actionem
1113 1186 1225 1229 neees-

127 1273 232 1338 sariae
247 1282 366 1338 essent.
390 1294 497 1358 neque
521 1293 563 1336 cx
586 1294 650 1335 uno
667 1271 797 1357 prologi
821 1272 894 1336 loco
918 1273 1097 1338 rediscere
1121 1277 1227 1361 potuit

130 1381 384 1467 Aristophanes,
410 1379 468 1444 sed
496 1402 557 1466 per
589 1389 689 1443 totam
721 1380 858 1467 primam
892 1402 1044 1446 scaenam
1080 1382 1226 1470 dispersa.

129 1490 325 1576 conquirere
349 1491 472 1571 debuit,
494 1492 581 1555 unde
607 1490 710 1574 mythi
741 1513 876 1555 scaenae
909 1514 1123 1579 personarum
1148 1494 1225 1558 ima-

129 1601 241 1686 ginem
274 1601 334 1665 sibi
367 1609 589 1688 componeret.
640 1600 704 1664 iam
731 1601 755 1665 si
783 1599 973 1687 inspicimus
1003 1602 1137 1684 scholia,
1171 1626 1227 1669 cos

129 1710 217 1796 ipsos
240 1712 341 1794 locos,
365 1711 418 1797 qui
445 1710 519 1775 novi
542 1710 665 1796 aliquid
677 1711 718 1776 ad
731 1711 965 1775 accuratiorem
980 1712 1095 1776 harum
1117 1735 1226 1778 rerum

127 1820 351 1903 cognitionem
377 1820 525 1902 afferant,
550 1819 631 1883 mira
661 1821 798 1907 quadam
830 1819 1001 1903 diligentia
1030 1843 1089 1907 per
1123 1831 1227 1886 totum

47 1903 53 1919 ¹
129 1928 304 2015 prologum
328 1927 478 1992 videmus
506 1936 643 1993 notatos.
689 1926 776 2010 quod
810 1949 869 1991 cur
896 1926 1021 1992 faceret
1052 1929 1228 1994 scholiasta

130 2059 202 2102 eam
227 2047 305 2124 puto
330 2035 430 2100 fuisse
454 2059 583 2099 causam
606 2046 642 2099 ut
667 2036 712 2117 id,
736 2035 823 2122 quod
840 2036 874 2099 in
888 2046 1083 2121 argumento
1098 2038 1227 2102 Aristo-

128 2147 244 2234 phanis
269 2144 455 2233 expositum
478 2144 618 2227 videret,
648 2144 689 2208 ad
719 2145 821 2232 ipsam
845 2145 988 2209 fabulam
1013 2146 1227 2212 examinaret.

130 2254 260 2340 longius
286 2275 350 2318 non
374 2275 506 2339 possum
528 2253 724 2340 procedere;
750 2277 823 2319 nam
849 2254 875 2318 si
896 2264 1071 2331 constaret,
1100 2254 1227 2318 Aristo·

129 2364 272 2450 phancm
295 2362 328 2426 in
341 2363 540 2450 Sophoclem
566 2363 672 2447 etiam,
694 2364 735 2428 ad
757 2363 850 2427 cuius
873 2364 1029 2450 prologos
1047 2363 1227 2451 pleraeque

131 2472 291 2538 eiusmodi
307 2473 550 2536 observationes
570 2474 749 2559 pertinent,
773 2472 1023 2537 commentarios
1047 2473 1227 2559 scripsisse,

129 2581 240 2646 nullus
262 2579 447 2645 dubitarem
470 2581 672 2645 contendere
692 2584 731 2647 ab
754 2605 792 2646 co
817 2581 886 2668 ipso
909 2591 1036 2646 notatos
1061 2604 1132 2647 esse
1154 2584 1228 2648 illos

131 2690 343 2776 protegerem
357 2691 457 2756 locos.
479 2689 620 2754 sufficiet
634 2713 677 2779 ex
693 2691 788 2757 unius
805 2693 917 2756 Aiacis
941 2692 1071 2757 fabulae
1094 2692 1228 2757 scholiis

130 2822 177 2879 ea,
203 2821 286 2884 quac
310 2800 372 2863 huc
396 2808 555 2885 spectant,
578 2821 755 2886 apponere.

231 2909 247 2972 l
276 2904 434 2990 πάρεστιν
463 2899 634 2986 bocconis·
666 2908 723 2974 ἐπὶ
749 2909 809 2994 τήν
844 2910 964 2996 σκηνήν
998 2902 1148 2996 σῖγωνιῶν
1178 2911 1230 2975 καὶ

129 3018 425 3103 πολυπραγμονῶν,
447 3013 492 3105 μή
515 3043 546 3084 τι
568 3014 639 3084 dat
663 3019 791 3103 ἐχθροῦ
813 3017 924 3108 πάθῃ.
948 3016 1056 3084 πάντα
1068 3018 1104 3085 δὲ
1119 3017 1159 3084 cd
1172 3023 1232 3106 τῆς

130 3122 387 3206 ὑποθέσεως
413 3133 678 3207 consecrante
710 3125 874 3216 ἐδήλωσεν
908 3129 941 3193 ἕν
973 3133 1020 3215 τῷ
1053 3130 1231 3216 προοιμίῳ,

130 3236 217 3319 πρὸς
235 3236 306 3302 τίνα
327 3233 345 3302 ὁ
367 3234 473 3323 λόγος,
494 3239 548 3303 καὶ
571 3243 637 3304 ποῦ
662 3235 680 3325 ἡ
703 3235 812 3325 σκηνὴ,
836 3241 888 3303 καὶ
910 3239 943 3303 ci
964 3235 1104 3323 πράττει
1125 3232 1230 3306 Ὀδσσ·

131 3340 219 3423 σεύς.
264 3345 298 3410 ἐν
328 3345 364 3411 δὲ
391 3350 437 3432 τῷ
465 3343 600 3431 (πεῖράν
630 3342 711 3412 eavc'
742 3339 803 3434 ἤδη
826 3343 914 3429 ἴχνος
935 3373 966 3413 τι
988 3348 1149 3413 κατέθετο
1173 3351 1231 3436 τῆς

134 3451 341 3538 ὑποθέσεως,
375 3450 420 3532 ως
448 3457 525 3540 περὶ
553 3454 676 3540 ἐχθρόν
704 3453 792 3544 ἥκω·
829 3457 880 3522 δεῖ
906 3457 942 3522 δὲ
971 3452 1077 3520 πάντα
1106 3456 1146 3520 τὰ
1177 3460 1231 3543 τῆς

88 3560 91 3565 ’
134 3557 389 3643 ὑποθέσεως
408 3562 639 3631 συνεκτικὰ
660 3559 741 3630 εἶναι
766 3564 800 3630 ἐν
820 3558 914 3653 οἷρχῇ.

231 3676 271 3739 23
292 3675 400 3752 καλοῖς
420 3675 573 3740 ridendae
598 3674 762 3760 ἐποίησεν,
784 3675 837 3738 ἵνα
858 3673 1114 3761 συνέχηται41
1139 3672 1185 3739 ἔω
1211 3671 1230 3761 ἡ

133 3776 354 3860 ὑπόθεσις
377 3779 490 3848 καὶτὸ
515 3774 660 3848 ἄπιστον
679 3781 726 3861 εἰς
746 3775 944 3871 α’μφίγνοιαν
966 3773 1091 3869 ἄγηται.

230 3893 271 3957 38
293 3891 327 3957 ἐν
346 3897 417 3972 τοῖς
437 3885 627 3976 &protectore
647 3889 729 3958 κοποὲ
745 3890 849 3977 dccxi)
867 3895 1022 3982 δηλοῦται
1044 3890 1062 3981 ἡ
1083 3890 1234 3959 ὑπόθε-

132 4020 215 4078 σις·
244 3997 450 4067 πσνθάνεσαι
473 4003 509 4067 δὲ
533 4001 589 4086 <das
612 4002 686 4068 add.
711 4003 737 4068 F
742 4004 792 4083 G>
815 4007 960 4088 πρῶτον,
993 3999 1021 4068 εἰ
1051 3995 1118 4087 ἄρα
1150 4003 1234 4085 προς

132 4104 246 4191 καιρὸν
268 4113 371 4173 πονῶ·
395 4107 423 4175 εἰ
445 4106 504 4195 γὰρ
527 4104 626 4189 οὗτος
646 4110 732 4176 ἐστιν
752 4108 771 4176 d
795 4108 853 4176 τον
872 4108 976 4199 φόνον
994 4109 1123 4196 δράσας,
1148 4111 1235 4194 πρὸς

132 4212 245 4302 καιρὸν
267 4210 309 4281 th
331 4212 381 4302 εἴη
403 4222 518 4283 noemin
541 4215 559 4282 ri
584 4210 765 4296 Ὀδυσσεύς.

192 4323 208 4328 Π
241 4355 274 4406 41
288 4325 345 4408 ‘luo
364 4358 506 4426 συνέχηται
527 4355 575 4407 FG
595 4355 706 4408 litterae
726 4355 755 4407 in
774 4355 796 4408 la
816 4354 1004 4408 oblitteratae.
