3000 5176
793 332 854 398 100

276 520 364 606 ζητεῖ
385 515 427 585 τά
451 520 527 584 καθ’
550 516 678 600 έκαστα,
701 511 772 584 εἶτα
794 515 898 597 οὕτως
921 512 1247 604 έπίτήνάναζήτησιν
1260 511 1370 597 ἔξεισι,

273 623 576 712 μεταπεμψάμενος
596 624 673 706 τούς
685 628 823 706 πολίτας
833 628 884 715 (ν.
897 628 987 714 144),
1008 628 1061 692 ἵνα
1081 628 1135 693 καί
1155 619 1289 714 άφορμή
1312 629 1370 711 της

273 741 336 804 τοῦ
357 740 462 822 χοροῦ
484 731 615 803 εἰσόδου
637 736 773 824 γένηται.

355 847 399 912 ib.
427 847 487 910 144
507 843 633 912 πιθανί
657 842 676 933 ἦ
700 844 830 925 εἴσοδος
849 851 908 913 τοῦ
931 849 1046 931 χοροῦ.
1080 845 1285 911 σκέπτεσθαι
1306 839 1368 929 γάρ

244 955 355 1044 ὅφησί
374 956 443 1021 δεῖν
465 952 549 1039 μετά
572 959 634 1022 τοῦ
655 950 762 1042 δήμου
784 956 863 1041 περί
883 959 950 1021 τῶν
973 954 1154 1040 πρακτέων.

357 1064 410 1131 Αἰ.
437 1065 498 1130 134
518 1101 561 1113 -
582 1059 710 1151 πιθανή
732 1062 768 1130 δέ
792 1065 847 1129 καί
877 1060 896 1150 ή
921 1058 1066 1143 εἴσοδος·
1099 1056 1244 1142 άκούσας
1265 1059 1326 1150 γάρ
1350 1060 1369 1128 ὁ

270 1165 440 1252 Ὀδνσσεδς
459 1170 550 1259 παρά
573 1177 631 1260 τῆς
653 1172 797 1260 Ἀθηνᾶς
816 1176 866 1257 (v,
881 1174 921 1238 66
938 1171 1008 1259 sq.)
1035 1169 1144 1255 ιδείξω
1172 1174 1208 1239 δὲ
1239 1173 1292 1238 καί
1315 1174 1369 1239 σοί

270 1277 365 1348 τίνδε
386 1285 554 1369 περιφανῆ
576 1277 684 1366 νόσον,
706 1276 753 1361 οῖς
771 1285 876 1348 πᾶσιν
896 1274 1090 1367 Ἀργείοισιν
1105 1277 1237 1347 είσιδιδν
1252 1274 1369 1370 θρσής>

270 1389 325 1455 καί
345 1384 467 1472 μαθτόν
496 1385 534 1454 τό
565 1388 668 1476 σαφές
696 1383 861 1476 δεδήλωκε
887 1392 959 1466 τοῖς
975 1381 1135 1471 Ἀχαιοῖς·
1168 1382 1289 1474 ταύτης
1312 1375 1370 1453 σύν

225 1507 258 1557 10
270 1502 331 1586 τῆς
354 1496 464 1588 φήμης
487 1489 687 1576 α’κούσαντες
707 1494 738 1564 ολ
752 1497 941 1581 Σαλαμίνιοι
961 1492 1209 1582 παραχεχόνασι,
1229 1496 1367 1583 μηδέπω

271 1607 340 1674 ύπδ
361 1611 419 1696 τῆς
441 1599 572 1686 εύνοίας
596 1606 813 1691 πεπεισμένοι
835 1601 881 1684 οῖς
903 1597 1005 1684 αύτός
1026 1600 1076 1692 ε’ίη
1097 1601 1114 1671 ὁ
1138 1601 1272 1690 πράξας,
1295 1598 1366 1672 ἄλλ’

270 1709 492 1796 ἀπιστοῦντες
514 1712 559 1794 ὡς
585 1711 655 1783 ὑπὸ
678 1715 806 1799 ἐχθροῦ
826 1707 1023 1781 πεπλάσθαι
1045 1710 1199 1799 οἰόμενοι.

354 1824 505 1892 00.111
535 1819 596 1911 τήν
622 1819 803 1910 εἰσαγωγήν
829 1827 890 1889 τοῦ
921 1827 1021 1910 χοροῦ
1049 1817 1250 1912 εύαφόρμως
1274 1822 1368 1888 θέλει

269 1928 488 2022 ποιήσασθαι.

224 2047 256 2101 15
353 2044 501 2112 111402
524 2041 651 2131 πιθανή
671 2039 691 2131 ἡ
716 2041 831 2126 ἐξοδος
848 2043 902 2110 διὰ
922 2039 983 2130 τήν
999 2038 1149 2127 σπουδήν
1170 2045 1230 2128 τῆς
1250 2044 1366 2129 ταφῆς·

269 2151 373 2234 πολύς
394 2141 451 2221 οὖν
473 2145 535 2242 ήδη
557 2149 683 2239 χρόνος,
703 2145 759 2242 ἀφ’
776 2139 818 2218 οδ
838 2147 1065 2239 τετελεύτηκεν
1085 2146 1209 2230 δΑῖας
1230 2150 1283 2216 καὶ
1305 2141 1367 2237 ήδη

268 2266 320 2331 δεῖ
342 2260 440 2330 αὐτόν
462 2267 613 2352 ταφῆναι.
736 2278 739 2285 ’

352 2374 395 2438 ib.
419 2373 481 2438 654
499 2368 626 2459 πιθανή
649 2364 737 2459 αύτῷ
758 2368 776 2459 ή
801 2369 926 2455 ἔξοδος,
950 2365 996 2448 ιύς
1018 2369 1075 2435 ἐπί
1095 2363 1284 2455 καθαρμόν·
1305 2393 1367 2453 μο-

268 2477 363 2549 νάσαι
384 2478 446 2568 γάρ
466 2476 619 2565 βούλεται
642 2476 734 2566 χάριν
757 2485 815 2568 τῆς
833 2473 1037 2565 άναιρέσεως.

219 2598 255 2649 20
354 2592 412 2676 [ib.
435 2584 585 2655 328001
610 2578 638 2655 τό
660 2591 752 2680 φίλοι
772 2587 898 2657 τούτων
919 2587 978 2678 γάρ
1003 2586 1104 2658 οὕνεκ’
1128 2584 1279 2676 ἐστάληνε
1313 2612 1365 2653 πι·

266 2696 373 2788 θανήν
400 2697 458 2787 τὴν
484 2694 654 2789 πρόφασιν
686 2704 744 2787 τῆς
772 2696 888 2782 ἐξόδοο
918 2700 1027 2789 φησίν,
1056 2701 1110 2765 ἵνα
1137 2697 1182 2786 μή
1207 2695 1287 2787 δόξη
1308 2693 1366 2764 τόν

267 2805 401 2875 Αἴαντα
424 2809 457 2875 ἐν
478 2804 616 2898 τοιαύτη
639 2813 794 2898 συμφορᾷ
816 2808 1109 2886 καταλελοιπέναι]

351 2918 520 2986 ΟΤ.1287
543 2917 670 3006 πιθανή
693 2913 712 3005 ἡ
735 2916 823 2984 αίτία
843 2922 906 2984 τοῦ
926 2917 1042 3000 ἐξιέναι
1064 2910 1173 3001 αὐτόν,
1194 2917 1247 2982 ἵνα
1258 2917 1365 3005 (φησί)

266 3025 356 3114 δείξῃ
368 3030 440 3104 τοῖς
457 3026 618 3110 πολίταις,
638 3021 689 3092 ὅτι
710 3025 809 3108 ἀξίως
830 3022 945 3091 ἐαοτδν
962 3022 1186 3113 ἐτιμωρήσατο
1200 3025 1257 3092 ἐπί
1270 3017 1364 3091 άκοα-

218 3143 253 3195 25
267 3137 353 3215 σίοις
374 3131 562 3223 παθήμασι,
591 3135 645 3201 καί
672 3131 717 3214 αῖς
741 3135 868 3220 μέλλων
891 3132 997 3202 ἐκοντί
1018 3135 1132 3218 ἐξιέναι
1153 3139 1213 3222 τῆς
1234 3132 1366 3212 πόλεως

266 3241 320 3312 διά
343 3241 404 3325 τάς
422 3238 507 3331 άρδς
528 3236 568 3323 ἃς
590 3241 743 3334 ἔφθασεν
766 3241 1022 3330 ἐπαρασάμενος.

349 3355 470 3421 Electr.
499 3355 577 3420 1098
608 3353 788 3442 θαυμαστή
813 3352 833 3443 ἡ
858 3353 1027 3441 οἰκονομία
1047 3358 1110 3422 τοῦ
1133 3357 1277 3440 ποιητοῦ
1299 3349 1366 3438 άμα

354 3578 370 3628 2
389 3574 427 3631 ib.
446 3576 494 3628 151
514 3572 583 3628 κατὰ
607 3571 657 3640 τὴν
675 3567 827 3645 πρόσταξιν
850 3576 898 3628 τοῦ
922 3577 1056 3643 βασιλέως
1079 3569 1189 3647 πάρεισι
1214 3576 1368 3645 πρεσβῦταί

265 3689 343 3737 τινες,
363 3673 391 3732 ἐξ
410 3656 449 3727 ὧν
466 3669 481 3725 ὁ
499 3669 585 3743 χορὸς
605 3673 816 3744 συμπληροῦται.

354 3770 370 3820 3
388 3770 437 3822 τοῦ
453 3769 540 3841 χοροῦ
561 3769 670 3824 addidit
690 3768 788 3824 Elmsl.
807 3769 955 3839 χένηταιν
971 3763 1113 3839 γενήσεται
1133 3771 1164 3826 Ιι.

338 3866 370 3916 11
388 3863 426 3918 ib.
440 3866 491 3917 172
510 3862 524 3918 ὁ
541 3862 628 3936 χορὸς
646 3862 756 3920 οὐδέπω
776 3862 965 3927 πεπιστευκὼς
981 3863 1023 3920 ὅτι,
1040 3872 1112 3927 Αἴας
1131 3864 1164 3920 τά
1176 3869 1363 3938 τεθραλημένα

266 3955 437 4031 διεπράξατο,
463 3957 520 4015 ἀλλ’
541 3957 667 4035 οἰόμενος
685 3965 805 4023 ἔκτικας
823 3961 906 4036 ὀργῆς
923 3965 1000 4019 θεῶν
1015 3957 1114 4032 ταύτην
1137 3961 1186 4032 τήν
1203 3958 1300 4037 φήμην
1317 3981 1363 4034 χε-

264 4057 409 4124 χενήσθαι,
429 4064 546 4112 ποιεῖται
564 4056 635 4130 πρὸς
653 4057 703 4127 τὴν
722 4054 820 4133 φήμην
838 4059 887 4116 τὸν
905 4055 998 4132 λόγον.

339 4154 371 4206 19
390 4153 427 4208 ib.
446 4155 499 4208 657
517 4150 631 4224 εὑρήσω,
651 4160 737 4228 φησί,
756 4150 852 4221 τόπον,
879 4141 911 4211 οὗ
928 4154 1017 4217 οὐδεὶς
1031 4151 1198 4226 ἐπιβήσεται.
1233 4159 1311 4211 τοῦτο
1330 4157 1363 4210 δέ

264 4245 395 4319 πιθανόν,
424 4253 468 4304 ἵνα
491 4245 531 4322 μή
555 4271 595 4311 τις
612 4247 684 4321 αὐτῷ
703 4248 888 4328 άκολουθήση·
916 4250 1086 4307 πιθανόνδὲ
1105 4250 1198 4306 καὶτὸ
1217 4255 1312 4323 λαβεῖν
1329 4250 1360 4306 τὸ

259 4331 413 4431 ἕξζδαςῄίνα
431 4344 568 4424 εύπσρήση
587 4347 685 4405 ἑαυτὸν
704 4352 934 4423 διαχειρίσασθαι.
