3000 5176
656 313 691 373 61

125 498 256 583 generis
279 507 427 564 notarum
450 497 613 583 exemplo,
635 496 721 581 qued
745 506 876 583 praeter
900 497 1144 561 observationes
1167 519 1221 561 su-

125 632 183 696 pra
203 609 354 675 collectus
377 609 411 672 iu
435 605 570 672 scholiis
599 606 720 671 nostris
746 605 909 690 reliquum
940 616 999 687 est,
1030 606 1084 669 hie
1113 605 1220 667 statim

125 714 473 799 loeumeoneedumus,
498 717 620 802 quippe
652 715 740 799 quod
770 736 837 778 nen
866 714 973 780 minus
1005 724 1093 779 certe
1115 713 1218 800 Didy-

125 849 231 891 meum
262 827 312 906 sit,
342 825 443 890 schol.
467 825 579 890 Aiacis
604 825 642 888 16
670 820 714 909 μή
751 820 837 908 πρός
869 827 977 889 dcciv:
1011 827 1221 909 παραιτεῖται

122 927 296 1014 Ὀδυσσεὺς,
323 926 382 1016 οίχ
404 929 449 1012 ιός
471 935 775 1019 κιομιμδοῦντος
796 937 854 998 τοῦ
876 937 1016 1018 ποιητοῦ
1027 928 1086 1020 τὴν
1101 930 1223 999 δειλίαν

124 1049 180 1110 τοῦ
216 1041 331 1132 ἥρωος·
371 1040 457 1109 odiu
489 1040 548 1128 γάρ
582 1036 782 1131 άφαιρεθείη
817 1046 877 1128 τῆς
911 1041 1153 1128 τραγῳδίας
1183 1038 1221 1105 τό

123 1146 268 1238 άξίωμα·
290 1146 371 1218 άλλδ
391 1149 429 1219 τό
452 1144 588 1235 εάλαβὲς
610 1150 823 1218 ε’νδείκνυται·
857 1148 1024 1237 ἔμφρονος
1045 1146 1103 1235 γάρ
1125 1137 1163 1237 ἦν
1185 1149 1222 1214 τό

125 1266 170 1349 τῷ
190 1258 347 1349 μεμηνότι
378 1265 600 1346 παραχωρεῖν·
633 1255 693 1343 δρα
714 1256 782 1345 γάρ,
818 1250 891 1324 οἷον
921 1249 959 1344 ἦν
989 1253 1222 1342 προσελθόντα

124 1371 247 1437 ἐκεῖνον
267 1365 458 1438 θεάσασθαι
480 1366 538 1435 τόν
562 1366 683 1454 ἐχθρόν
695 1375 730 1436 ⁶⁵.

222 1480 423 1568 Didymeum
448 1479 531 1544 illud
555 1476 644 1562 παρὰ
666 1476 706 1544 τά
728 1476 896 1563 πρόσωπα
917 1482 970 1547 καί
989 1477 1065 1560 τοδς
1085 1477 1221 1562 καιρούς

123 1591 391 1677 persentiseimus
416 1590 512 1655 etiam
539 1591 570 1655 in
591 1592 692 1657 schol.
720 1591 882 1657 Medum
904 1587 995 1679 αίίτη,
1017 1592 1048 1656 τί
1068 1594 1220 1677 χλιορεῖςε

124 1694 222 1764 πάλιν
244 1697 291 1778 είς
313 1697 372 1785 τήν
402 1691 504 1784 αὐτήν
538 1695 663 1764 ἔννοιαν
694 1704 810 1765 ταῦτα·
846 1699 914 1766 ἔδει
947 1701 982 1766 δὲ
1012 1695 1111 1789 αὐτὴν
1141 1702 1222 1788 μηδὲ

123 1809 297 1876 κλαίουσαν
319 1802 529 1893 εἰσάγεσθαι·
562 1800 600 1873 οδ
628 1805 686 1893 γάρ
719 1807 882 1876 οίκεῖον
912 1815 965 1897 τῷ
1000 1806 1220 1896 προσώπῳ

123 1914 262 2005 τούτῳ.
288 1910 379 2002 ιδμδν
400 1915 459 2004 γάρ
483 1916 630 2006 εἰσῆκται
652 1923 762 1985 τοῦτο.
788 1912 855 1984 ἄλλ’
868 1918 1039 2008 ἐκφέρεται
1054 1924 1093 2010 τῇ
1112 1912 1222 2007 όχλικῇΙ

123 2028 286 2118 φαντασία
306 2022 448 2115 ποιήσας
471 2028 645 2095 κλαίουσαν
668 2029 722 2093 καί
744 2023 1012 2112 συμπάσχουσαν.
1045 2020 1221 2107 ἀπιθάνως

123 2135 180 2225 γάρ
202 2139 262 2226 τήν
283 2135 438 2226 τοιαύτην
459 2140 731 2227 διαχειριζομίνην
752 2137 793 2204 τά
813 2140 908 2205 τέκνα
920 2137 1052 2226 εἰσάγει,
1074 2166 1136 2229 quo
1149 2142 1222 2206 illu-

125 2259 277 2330 stramur,
302 2271 385 2334 quae
407 2250 441 2312 in
463 2250 600 2315 Medeae
624 2251 865 2335 argum.lp.2,
880 2251 917 2314 13
941 2250 1117 2335 leguntur:
1140 2250 1219 2334 μίμ-

124 2381 241 2446 φονται
262 2358 298 2424 δὲ
319 2358 410 2445 αὐτῷ
431 2356 469 2424 τό
492 2356 537 2445 μὴ
560 2358 781 2447 πεφυλαχέναι
805 2354 863 2445 τὴν
885 2354 1059 2444 ὑπόκρισιν
1082 2362 1121 2447 τῇ
1143 2364 1220 2446 Μο-

123 2465 204 2553 δείρ,
239 2458 320 2531 άλλδ
339 2472 525 2553 προπεσεῖν
556 2465 603 2546 εἰς
624 2463 755 2550 δάκρυα,
780 2463 843 2555 ὅτεΙ
854 2462 1071 2550 ἐπεβούλευσε
1094 2471 1140 2554 τῷ
1163 2460 1219 2532 Ἰά-

124 2599 195 2641 σονι
214 2576 267 2641 καί
288 2580 327 2666 τῇ
348 2577 481 2662 γυναικί.
503 2578 555 2642 hic
574 2573 605 2643 οί
624 2573 830 2665 μεμφόμενοι
850 2601 983 2666 prorsus
1006 2589 1042 2643 ut
1064 2578 1099 2642 in
1119 2579 1222 2645 schol.

124 2685 231 2751 Andr.
240 2687 281 2750 32
301 2681 331 2751 oi
352 2684 486 2774 φαόλιος
507 2683 852 2773 όπομνρματισάμενοι
867 2689 1104 2775 Aristophanes
1119 2700 1152 2752 et
1164 2689 1222 2753 Di-

124 2793 244 2878 dymus
268 2817 338 2859 esse
363 2796 524 2861 videntur.
558 2807 687 2885 praeter
712 2819 748 2862 ea
775 2820 858 2882 quae
883 2797 945 2861 iam
970 2797 1062 2861 attuli
1087 2797 1222 2880 scholia,

25 2926 31 2934 ·
126 2902 308 2990 Didymum
341 2905 524 2970 invenimus
547 2905 716 2994 Euripidis
740 2907 962 2971 cavillatorem
992 2906 1024 2970 in
1058 2906 1107 2971 his
1141 2929 1222 2992 quae

125 3011 212 3076 infra
234 3013 369 3079 exhibui
392 3014 493 3102 Soph.
518 3015 588 3082 OT.
610 3015 670 3080 261
704 3014 775 3082 OC.
798 3015 861 3079 220
892 3015 1004 3100 Eurip.
1027 3015 1104 3080 Tre.
1131 3017 1158 3097 1,
1169 3015 1221 3098 36,

123 3120 196 3203 408,
208 3122 280 3204 630,
294 3122 356 3187 976
387 3123 469 3189 Heu.
481 3123 544 3188 280
576 3124 701 3190 Phoen.
715 3126 765 3208 71,
776 3123 827 3208 88,
840 3124 912 3207 388,
929 3124 1020 3208 1639,
1038 3123 1222 3205 16061692

34 3300 37 3306 ,
125 3229 286 3295 Androm.
307 3230 379 3315 631,
396 3232 501 3298 13361.
547 3232 597 3296 his
628 3233 719 3297 lubet
747 3232 869 3297 addere
895 3229 957 3296 duo
981 3231 1114 3315 scholia,
1137 3253 1222 3316 quae

123 3336 269 3421 Didymo
309 3340 507 3406 vindicanda
550 3343 630 3407 nulli
670 3365 830 3429 generum
875 3364 958 3426 quae
1002 3340 1098 3407 statui
1149 3352 1223 3426 apte

223 3559 258 3611 65
275 3553 394 3629 Ἐχθρόν
412 3559 461 3613 FG
478 3558 559 3613 Vind.
570 3562 621 3614 281
642 3554 739 3629 νεκρόν
757 3559 787 3611 L.
813 3577 898 3613 unum
917 3559 1050 3624 r'eholiom
1071 3560 1146 3628 quod
1164 3559 1218 3613 for·

124 3654 199 3705 tasse
218 3653 273 3706 erit
290 3653 338 3722 qui
357 3655 386 3707 in
405 3653 476 3708 hanc
497 3655 597 3709 eadere
615 3654 832 3724 classemputet‚
846 3654 935 3708 sciens
952 3654 1139 3723 praetermisi,
1161 3655 1223 3709 dieo

125 3748 162 3801 ed
183 3748 278 3819 Antig.
300 3768 325 3805 v.
337 3753 390 3804 328
409 3751 489 3804 reiro
507 3748 560 3821 γάρ
578 3745 644 3822 τάχη
663 3759 749 3822 κρινεῖ
757 3771 763 3805 :
781 3748 872 3805 ἀπιὼν
892 3750 907 3805 ὁ
927 3747 1060 3823 θεράπων
1079 3753 1142 3805 καθ’
1162 3752 1224 3804 ἑαυ-

123 3842 172 3898 τὸν
188 3846 270 3899 ταῦτα
296 3852 389 3917 φησίν·
416 3843 448 3900 οὗ
472 3845 525 3917 γὰρ
550 3845 666 3902 δυνατὸν
691 3850 737 3901 ἐπὶ
761 3850 809 3901 τοῦ
828 3853 965 3920 Κρέοντος
982 3850 1065 3901 ταῦτα
1083 3851 1223 3916 λέγεσθαι,

124 3938 160 3999 ὠς
178 3945 223 3994 καὶ
241 3943 272 3997 ἰν
292 3949 346 4002 τοῖς
364 3951 552 4015 κωμικοῖς,
579 3963 643 3998 nam
672 3962 770 3998 verum
794 3963 855 3999 esee
873 3949 951 4014 puto,
981 3944 1056 4013 quod
1073 3944 1224 3998 seeundum

124 4037 301 4093 Dindorfium
319 4042 415 4096 scholl.
438 4061 463 4095 v.
473 4042 499 4095 ll
510 4061 537 4112 p.
547 4045 582 4097 64
600 4043 742 4096 Personus
761 4061 814 4113 pro
833 4045 863 4098 ἐν
881 4050 935 4102 τοῖς
952 4049 1081 4115 κωμικοῖς
1099 4043 1224 4096 restituit

124 4135 155 4189 ἒν
176 4143 231 4196 τοῖς
249 4144 402 4209 Κυμαίοις,
425 4143 457 4192 ut
474 4139 548 4193 idem
567 4157 618 4210 pro
638 4148 766 4212 κωμικοῖς
781 4140 881 4194 Photio
901 4140 1041 4195 etSuidee
1061 4141 1224 4194 restitutum

124 4234 168 4284 est
186 4249 207 4287 s.
226 4251 251 4287 v.
273 4235 410 4305 Πέρδικος
429 4238 530 4294 σκέλος.
1106 4296 1108 4301 .

224 4331 258 4383 66
277 4330 389 4384 Partem
406 4330 506 4386 horum
525 4331 580 4385 iam
598 4330 714 4402 collegit
733 4332 770 4384 M.
794 4331 965 4386 Schmidtius
981 4332 998 4386 l.
1010 4331 1026 4384 l.
1047 4350 1073 4400 p.
1086 4334 1135 4384 281
1146 4348 1186 4398 sq.
