3000 5176
747 328 806 394 118

310 514 365 579 Αἰ.
379 516 420 579 44
441 512 588 582 πιθανόν
605 519 663 580 τοτ’·
684 509 831 592 δεδιότος
844 510 883 577 τδ
899 508 1094 598 πρόσωπον,
1109 506 1325 579 ῶστεπλείο·
1349 560 1352 566 .

226 650 282 703 νας
303 620 478 711 ἐρωτήσεις
496 621 565 691 ἀπδ
586 628 648 690 τοῦ
670 617 847 702 Ὀδυσσέως
868 621 1032 708 γενέσθαι.

310 733 433 799 Electr.
448 735 510 800 675
533 729 563 799 οί
587 729 681 821 ἡδέος
695 725 873 810 ἀκούοντες
893 727 1002 817 λόγον,
1025 725 1084 796 κδίν
1105 725 1190 795 πάνυ
1206 730 1326 818 σαφῶς

224 832 399 920 ἀκούσωσι,
423 842 473 920 δὶς
492 842 545 907 καὶ
560 843 630 926 τρὶς
650 840 691 907 τὰ
713 835 794 907 αὐτὰ
817 835 949 907 ἀκούειν
969 835 1153 924 βούλονται.

195 962 211 1012 5
310 951 351 1016 ib.
370 953 433 1017 679
452 955 498 1039 τῷ
522 948 636 1039 τρόπηι
658 947 837 1018 διόλλυταιι
858 946 944 1016 ἴδιον
964 951 1135 1016 καὶτοῦτο
1157 952 1225 1014 τῶν
1247 944 1343 1034 ἡδοη

223 1058 346 1143 μένων·
374 1057 542 1145 μαθόντε-ς
570 1058 632 1148 γάρ
651 1056 689 1127 τό
721 1064 787 1125 πᾶν
810 1060 865 1125 καὶ
885 1056 924 1126 τδ
946 1055 1028 1125 κατά
1048 1058 1147 1143 μέρος
1169 1052 1325 1144 ἡδόμενοι

224 1164 462 1251 πυνθάνονται.

310 1294 378 1362 OT.
401 1296 481 1361 1023
504 1293 589 1362 ἴδιον
609 1300 675 1361 τῶν
697 1295 731 1362 έν
753 1289 953 1380 παραδόξοις
972 1286 1158 1378 ἀκούσμασι
1180 1287 1219 1357 τό
1242 1285 1324 1358 αάτδ

226 1398 383 1482 πολλάκις
404 1403 586 1489 ἐπερωτᾶν.
1271 1412 1274 1419 “

179 1527 212 1577 10
308 1514 443 1601 Hippol.
467 1515 528 1579 433
553 1513 698 1579 δέσποιν’
716 1513 790 1597 ε’μοί
810 1537 863 1579 τοι
882 1508 1060 1600 σιιμφοράε
1080 1513 1188 1590 καλῶς
1209 1506 1325 1597 έμιμό-

225 1644 306 1687 σατο
332 1626 399 1687 τῶν
431 1627 538 1708 γραῶν
564 1619 602 1688 τό
634 1623 853 1706 παλίμβολον·
883 1620 1152 1710 δπερφοβοῦνται.
1181 1616 1239 1707 γάρ
1270 1619 1326 1686 καὶ

224 1727 445 1814 θρασύνονται
465 1737 538 1810 ταῖς
558 1737 755 1821 συμφοραῖς.

308 1841 430 1907 Electr.
444 1843 504 1908 766
528 1840 572 1920 ῶς
591 1841 651 1925 μέν
670 1842 746 1931 γονὴ
764 1841 924 1928 κεκίνηται
948 1841 1004 1908 έπὶ
1026 1845 1073 1928 τῷ
1094 1836 1211 1907 πάθει·
1234 1835 1322 1924 πρδς

225 1951 260 2019 δέ
290 1948 348 2017 τόν
376 1953 523 2018 κίνδυνον
555 1944 794 2035 ἀποβλέπουσα
827 1948 954 2038 ἥδεται·
989 1948 1043 2018 διά
1075 1952 1111 2019 δέ
1137 1947 1195 2018 τόν
1223 1947 1325 2038 χορδν

179 2067 210 2118 15
224 2053 333 2146 ἀλγεῖν
354 2057 574 2146 ὑποκρίνεται.

295 2171 351 2235 'ib.
379 2172 458 2236 1406
488 2175 553 2260 βοᾷ
574 2196 624 2250 τις
645 2168 754 2238 ένδονε
786 2167 909 2236 οἰκεῖον
931 2168 969 2235 τδ
1000 2164 1159 2255 διανόημα
1181 2173 1246 2234 τῶν
1268 2192 1324 2254 γο-

225 2284 355 2361 ναικῶν·
378 2277 416 2346 τδ
441 2280 476 2347 δέ
496 2273 700 2369 ιοἷνηκσιστά
724 2273 787 2362 οιίχ
806 2276 852 2359 ιδς
868 2275 1152 2365 καταγινῶσκονσα
1166 2283 1225 2345 τοῦ
1241 2272 1323 2364 Ὀρέ-

225 2412 304 2455 στοο
325 2391 436 2479 φασίν,
458 2383 540 2457 ἀλλά
563 2395 631 2456 πᾶν
651 2387 688 2456 τό
713 2393 846 2475 πρᾶγμα
868 2383 1113 2472 ἐκτρεπόμεναι.

308 2500 351 2564 ib.
376 2501 436 2564 126
457 2540 498 2548 -
519 2501 573 2566 καὶ
596 2504 754 2585 γυναικῶν
783 2500 870 2565 ἐστιν
904 2496 988 2564 ἴδιον
1008 2493 1046 2563 τδ
1074 2499 1156 2584 μηδὲ
1178 2497 1234 2564 ἐπὶ
1253 2503 1327 2576 τοῖς

178 2624 212 2674 20
225 2609 430 2696 προφανέσιν
449 2604 658 2694 ἁμαρτήμασι
681 2608 864 2693 καταλέγειν
889 2598 987 2693 άλλης
1009 2603 1166 2692 γυναικός.
1208 2607 1263 2672 καί
1286 2605 1325 2673 τδ

223 2713 269 2782 ‘e't‘
284 2741 342 2800 μοι
366 2716 464 2801 θέμις
482 2709 553 2782 τόδ
569 2713 678 2783 αι’·δάν’
701 2717 772 2781 λίαν
797 2710 919 2803 ιῖθικδν
935 2712 1156 2818 καὶνάρμόζον
1174 2716 1324 2801 γυναιξίν.

191 2925 196 2935 ¹
275 2841 281 2851 ’
311 2840 382 2910 OC.
409 2844 488 2908 1725
512 2840 557 2922 τός
579 2845 611 2908 τί
634 2844 790 2927 ρέξωμεντ
814 2839 894 2907 κατά
916 2844 1023 2907 κῶλον
1041 2835 1196 2928 ἀλλήλαις
1218 2841 1326 2908 διαλέ-

224 2975 334 3037 γονται
361 2947 447 3017 πάνυ
481 2957 694 3039 παθητικῶς·
731 2953 784 3017 καί
814 2947 858 3038 μή
885 2976 948 3017 τινι
971 2943 1139 3017 ἀπίθανον
1163 2946 1242 3040 δόξῃ
1273 2951 1327 3017 καί

224 3056 481 3147 ἀνοικονόμητον
502 3058 539 3127 τδ
567 3061 746 3144 έπιθιμεῑν
766 3061 824 3148 την
845 3055 1032 3146 Ἀντιγόνην
1062 3052 1171 3126 όπίσω
1194 3053 1326 3126 ἀπιέναι

177 3185 212 3237 25
225 3167 280 3234 ἐπὶ
304 3165 363 3235 τὸν
384 3174 442 3234 τοῦ
465 3168 590 3250 πατρός
610 3167 716 3257 τάφον
736 3170 782 3258 μή
809 3166 1025 3256 ἐπισταμένην
1056 3167 1097 3234 τά
1127 3163 1327 3247 κατ’,αάτόν
1406 3198 1409 3203 ’

225 3273 318 3357 ὅπως
342 3271 629 3372 ἀπέθανενάλλά
650 3275 689 3344 τό
711 3267 802 3366 ἦθός
819 3278 888 3345 ἐστι
910 3275 948 3344 τό
965 3275 1161 3365 παθητικόν,
1186 3279 1241 3344 καὶ
1261 3275 1325 3363 μά-

225 3388 319 3452 λιστα
342 3383 543 3471 πράττουσιν
559 3385 591 3452 αλ
608 3394 762 3474 ’γυναῖκες
783 3388 815 3453 έν
836 3394 907 3466 τοῖς
926 3384 1099 3466 «τοιούτοις
1120 3384 1324 3471 σιμπτῶμα-
1413 3453 1416 3457 ,

225 3520 285 3578 σιν,
302 3488 353 3561 ἀεὶ
376 3495 551 3584 ἐπιφοιτᾶν
573 3497 732 3563 θέλουσαι
752 3502 824 3575 τοῖς
845 3501 912 3562 τῶν
936 3493 1105 3562 θανόντων
1125 3492 1253 3584 τάφοις.

314 3623 364 3686 Αἰ.
389 3623 450 3685 916
473 3617 571 3710 φάρει
594 3618 755 3705 καλόιμωτ
789 3611 877 3709 ἦθος
899 3619 1050 3707 γυναικός·
1077 3617 1115 3688 τό
1145 3618 1190 3708 μη
1224 3617 1323 3708 ἀσχη-

179 3745 213 3796 30
225 3725 335 3812 μόνιος
358 3724 517 3795 δεικνέναι
540 3728 579 3794 τδ
606 3733 708 3812 σῶμα.

316 3966 328 4015 l
350 3962 402 4016 1100
420 3963 544 4017 scholion
570 3963 621 4016 soli
642 3968 790 4017 servarunt
809 3965 865 4019 GF.

316 4061 333 4111 8
351 4058 437 4114 schol.
458 4059 479 4125 Q
500 4063 514 4119 ξ
529 4063 579 4114 128
599 4055 709 4131 φάσεως
726 4057 901 4128 ἀνθρωπίνης
918 4063 1021 4132 ἰδίωμα
1040 4059 1070 4115 τὸ
1090 4067 1152 4131 περὶ
1169 4063 1224 4116 τῶν
1238 4059 1325 4132 ἀναγ-

226 4160 312 4208 καίων
328 4151 508 4214 ἀπιστοῦντας
526 4154 599 4227 ἡμιῖς
619 4151 696 4227 ὅμως
713 4153 967 4211 ἀναπυνθάνεσθαι.

296 4252 331 4302 24
351 4247 568 4323 ἀνοικονόμητον
585 4256 630 4304 καὶ
648 4249 678 4306 τὸ
700 4253 848 4323 ἐπιθυμεῖν
866 4253 887 4304 L
907 4252 1065 4305 emendavit
1085 4253 1132 4306 Br.
1177 4263 1180 4267 ’

297 4350 332 4400 29
351 4343 484 4420 ιὶσχημως
501 4349 524 4402 L
546 4349 705 4404 emendavit
722 4350 768 4403 Br.
