3000 5176
796 333 835 395 12

371 519 401 584 D
446 518 540 586 Εἰσιδ
562 552 580 588 ιι
603 552 622 588 a
645 552 664 588 s
686 516 832 608 ἐχορήγει
843 526 879 587 2⁰.

368 631 461 696 deest
489 632 676 698 Gtantum.

418 741 450 805 X
477 751 709 826 argumentum
733 741 983 807 Andromachae
1007 738 1215 826 Euripideac.

541 843 821 939 (Ἀριστοφάνους
839 849 1084 936 γραμματικοῦ.)

373 958 400 1024 0
438 956 457 1046 ἡ
490 959 550 1043 μὲν
569 955 668 1047 σκηνὴ
690 963 747 1025 τοῦ
770 955 935 1042 δράματος
954 962 1058 1024 κεῖται
1089 955 1125 1024 έν
1148 956 1252 1044 Φθίᾳ,
1286 952 1304 1021 ὁ
1331 955 1366 1021 δὲ

268 1062 366 1152 χορὸς
388 1068 606 1155 (συνέστηκεν)
635 1068 671 1135 ἐκ
698 1068 898 1135 moerorisne
918 1071 1085 1154 γυναικῶν.
1114 1065 1302 1151 προλογίζει
1331 1062 1367 1130 δέ

268 1169 490 1263 Ἀνδρομάχη.

372 1286 404 1350 F
436 1285 475 1352 ιδ
499 1286 535 1353 δέ
556 1289 662 1372 δρᾶμα
683 1292 750 1352 τῶν
770 1289 940 1372 δευτέρων.
966 1283 984 1350 δ
1004 1281 1170 1372 πρόλογος
1185 1288 1299 1374 σαφῶς
1313 1284 1367 1350 καὶ

269 1387 411 1482 εὐλόγως
433 1393 608 1483 εἰρημένος.
637 1383 712 1462 ari21
734 1392 904 1462 discissi
926 1396 1050 1482 ἐλεγεῖα
1066 1391 1108 1460 τά
1131 1395 1164 1461 έν
1182 1398 1229 1481 τῷ
1250 1389 1366 1480 θρήνῳ

268 1507 326 1591 τῆς
347 1497 584 1590 Ἀνδρομάχης.
617 1504 650 1571 έν
677 1508 724 1592 τῷ
746 1505 887 1591 δευτέρῳ
908 1503 1000 1588 μέρει
1024 1507 1116 1588 ρῆσις
1133 1498 1303 1588 Ἑρμιόνης
1327 1499 1365 1567 τά

267 1609 436 1696 βασιλικὸν
458 1613 690 1700 δηναιροῧσοῖἳ.
725 1614 778 1678 καὶ
801 1610 819 1679 ὁ
844 1609 929 1697 πρὸς
950 1604 1181 1698 Ἀνδρομάχην
1203 1608 1299 1698 λόγος
1322 1603 1365 1677 ου’

268 1724 375 1802 καλῶς
385 1728 412 1766 ²³
435 1719 527 1805 έχων.
550 1711 589 1788 εὖ
611 1722 721 1788 δὲκαὶ
744 1719 901 1808 δΠηλεύς
921 1719 939 1788 ὁ
962 1719 1021 1808 τὴν
1040 1716 1271 1807 Ἀνδρομάχην
1288 1714 1366 1810 ‹ipa-

269 1827 415 1916 λόμενος.

368 1937 487 2002 desunt
510 1936 688 2003 ABDEG.

370 2048 440 2111 Iam
473 2047 505 2113 in
534 2057 620 2111 tanta
652 2057 919 2133 argumentorum
951 2046 1173 2131 multitudine,
1200 2069 1283 2133 qnae
1314 2057 1368 2112 ant

272 2165 420 2221 veterum
442 2156 635 2222 testimoniis
658 2166 713 2219 aut
735 2157 952 2221 recentiorum
973 2178 1138 2221 consensu
1152 2156 1363 2243 Aristophani

270 2265 477 2349 assignantur
498 2265 634 2348 auctori,
655 2266 709 2330 vix
724 2287 872 2329 moneam
886 2289 968 2353 opus
984 2275 1040 2344 cst,
1065 2287 1103 2330 ea
1118 2287 1257 2353 quoqne,
1283 2289 1365 2353 quae

271 2399 290 2438 a
322 2374 575 2442 Selrncidewino
608 2374 823 2460 Aristophani
858 2374 1023 2439 vindicata
1052 2376 1247 2463 apponenda
1280 2386 1366 2459 sunt,

272 2484 420 2569 quamvis
441 2482 532 2548 nulla
547 2491 685 2547 externa
697 2483 840 2546 nitantur
853 2483 1056 2565 auctoritate,
1076 2507 1142 2548 non
1154 2484 1261 2549 minus
1274 2493 1364 2550 certo

269 2613 330 2679 pro
344 2590 596 2678 Aristophancis
612 2612 681 2655 esse
698 2589 866 2674 sumenda,
892 2591 1044 2675 quoniam
1066 2593 1135 2658 sola
1158 2592 1366 2658 librariorum

268 2700 395 2764 incuria
418 2701 538 2764 factum
563 2708 622 2781 est,
645 2708 768 2763 utnon
791 2699 823 2764 in
846 2699 896 2764 his
916 2723 1046 2788 quoque
1065 2701 1234 2789 scriptoris
1246 2724 1367 2768 nomen

269 2820 451 2896 appareret.
479 2811 676 2874 enumerabo
701 2831 739 2873 ea
762 2810 943 2874 secundum
965 2820 1135 2897 poetarum
1159 2821 1291 2878 aetates.

386 2960 388 2965 -
443 2918 493 2984 XI
514 2929 744 3004 argumentum
767 2920 956 2985 Promethei
979 2921 1197 3007 Aeschylcae.

370 3030 400 3092 A
444 3026 656 3115 Προμηθέως
677 3028 711 3094 έν
731 3027 860 3116 Σκυθίᾳ
881 3028 1054 3111 δεδεμένον
1077 3025 1131 3095 διά
1149 3025 1187 3096 τά
1212 3029 1365 3118 κεκλοφέ-

269 3160 320 3202 ναι
338 3132 376 3202 ιδ
395 3139 466 3221 πῦρ
489 3132 693 3203 πυνθάνεται
714 3129 762 3203 'Ici
785 3136 989 3224 πλανωμένη,
1022 3134 1075 3205 ὅτι
1098 3139 1165 3204 κατ’
1189 3135 1368 3225 Αἴγυπτον

367 3385 403 3436 20
424 3387 513 3455 inepte
533 3388 598 3439 baec
616 3389 695 3440 verba
715 3389 746 3440 ab
768 3390 867 3440 notitia
886 3388 1065 3452 didascalico,
1096 3407 1174 3456 quam
1202 3390 1277 3456 sequi
1295 3388 1367 3439 dete-

269 3485 340 3548 ὸιιιιι,
360 3486 480 3534 aciuscts
500 3494 561 3536 sust
582 3485 668 3536 tertis
685 3480 715 3535 rb
734 3483 766 3536 δὲ
785 3483 1081 3554 δρᾶμα-προλογίζει
1098 3477 1271 3537 tantatos.
1301 3481 1367 3536 Din-

268 3577 381 3633 dorfius.
401 3596 472 3647 quae
490 3579 639 3633 coniuncta
657 3587 722 3634 sunt
741 3581 770 3634 in
788 3562 868 3635 libris
887 3599 951 3636 cnm
969 3582 1021 3636 hec
1039 3584 1214 3650 argumento,
1238 3597 1364 3651 quaeque

271 3675 327 3730 alio
346 3674 460 3728 afferam
483 3676 546 3730 loeo
570 3695 626 3731 non
644 3677 867 3747 Aristophaneus
891 3696 952 3732 csse
978 3676 1144 3747 disciplinae
1162 3681 1240 3733 recte
1258 3677 1368 3731 monuit

268 3772 500 3828 Schneidewinus.

368 3872 400 3921 21
421 3861 461 3923 Εὗ
480 3869 511 3922 δὲ
530 3874 578 3922 καί
594 3869 703 3939 scripsi,
724 3872 782 3924 ἔστι
802 3871 832 3924 δὲ
850 3875 899 3924 καί
914 3871 994 3926 codd.
1013 3872 1051 3924 ἔτι
1070 3871 1101 3925 δὲ
1121 3875 1168 3924 καί
1178 3870 1362 3926 Hermannus.

368 3969 402 4019 22
420 3964 591 4038 Ὓφοιροῠσα
610 3967 717 4036 scripsi,
744 3965 899 4039 ὑφαίνουσα
918 3967 998 4023 codd.
1026 3967 1102 4037 quod
1119 3967 1251 4021 Musurus
1270 3965 1300 4020 in
1319 3968 1367 4037 ἐμ-

269 4066 407 4132 φαίνουσα
427 4061 554 4115 Lascaris
572 4061 602 4114 in
620 4059 814 4134 ὑποφαίνουσα
824 4067 975 4118 mutarunt.
993 4061 1188 4135 ὑποφαίνουσα
1198 4067 1367 4132 receperunt

268 4157 457 4213 Kirchhoffius
475 4157 637 4212 Dinderfius
656 4160 751 4214 ceteri.

366 4257 401 4309 23
421 4250 459 4310 Οὐ
477 4257 565 4314 καλῶς
587 4255 681 4324 recepi
701 4273 735 4311 ex
757 4256 818 4311 cod.
838 4255 927 4310 Palat.
947 4254 980 4319 G,
1004 4251 1035 4309 ori
1061 4255 1150 4315 κακῶς
1177 4253 1300 4309 editores
1329 4270 1364 4308 ex

268 4349 370 4406 ceteris
389 4350 542 4407 codicibus.
