3000 5176
565 282 685 389 ‘aa

116 512 177 598 les,
199 522 235 578 ut
255 511 313 578 vix
331 514 460 600 plenam
484 534 526 578 ex
548 511 586 576 iis
608 511 786 597 imaginem
803 510 911 599 operis
934 511 1021 578 illius
1044 514 1211 597 refingere

117 645 284 709 queamus,
311 624 434 688 nullam
459 625 619 711 praebent
645 621 916 704 observationem,
940 643 1022 709 quac
1041 623 1094 686 val
1113 621 1210 687 levis·

115 732 230 796 simam
253 732 370 797 habeat
394 731 640 797 similitudinem
671 753 744 796 curn
771 729 811 795 iis
833 729 919 795 notis
942 752 1025 816 quac
1048 731 1087 794 ad
1107 741 1209 796 artem

112 839 325 920 Homericam
347 850 507 928 spectant.
530 848 562 904 ct
585 849 722 903 externa
746 837 896 904 dictionis
916 839 1105 921 similitudo,
1128 861 1211 925 quae

114 947 199 1012 inter
219 949 278 1014 has
303 959 396 1012 notas
419 958 451 1013 ct
472 948 611 1035 Didymi
634 948 878 1014 observationes
900 948 934 1011 in
957 947 1088 1014 scholiis
1113 948 1211 1032 tragi-
1278 935 1279 938 Ἴ

115 1080 227 1122 corum
250 1058 438 1144 frequentes
460 1057 644 1139 intercedit,
681 1079 747 1121 non
772 1057 894 1122 sufficit
923 1057 964 1122 ad
1003 1077 1208 1124 communem

114 1176 281 1232 auctorem
299 1167 555 1253 agnoscendum,
577 1165 771 1254 praesertim
790 1189 864 1231 cum
886 1167 1010 1255 aliquid
1035 1177 1125 1232 certe
1144 1166 1207 1232 dis-

113 1274 259 1338 criminis
281 1273 316 1337 in
339 1272 469 1338 dicendi
494 1295 617 1360 genero
646 1274 732 1338 inter
762 1295 816 1338 eas
849 1297 915 1339 non
944 1276 1130 1361 negandum
1157 1275 1209 1340 sit.

112 1383 237 1448 scholia
252 1405 369 1470 nempe
382 1384 569 1465 Homerica,
593 1406 675 1472 quac
696 1383 762 1450 huc
782 1384 959 1451 referenda
978 1396 1063 1459 sunt,
1083 1408 1209 1452 eorum-

113 1517 175 1582 que
198 1517 265 1560 non
289 1495 429 1582 pessima
453 1493 572 1580 partim
593 1494 789 1560 verbositate
805 1504 973 1560 auctorem
984 1495 1133 1582 Didymo
1156 1516 1208 1560 re·

112 1602 292 1668 centiorem
318 1601 448 1690 sapiunt
471 1603 588 1690 partim
614 1625 662 1685 eo,
695 1603 782 1688 quod
813 1603 1043 1669 vocabulorum
1075 1604 1110 1668 in
1139 1614 1209 1669 arte

111 1712 356 1799 interpretanda
378 1711 572 1776 solemnium
604 1714 810 1796 fixorumquc
837 1712 983 1797 genuina
1014 1713 1208 1801 significatio

111 1803 161 1887 sat
181 1822 291 1887 multis
312 1821 393 1887 locis
418 1821 500 1886 adeo
525 1821 664 1904 evanuit,
687 1832 723 1886 ut
747 1821 891 1886 maxime
915 1821 1049 1910 propria
1072 1845 1208 1909 usurpa·

114 1941 229 2024 rentnr
259 1931 299 1996 ad
322 1953 375 1996 res
397 1930 570 1996 vilissimas
597 1932 803 1998 notandasw.
847 1932 929 1998 alius
951 1931 1052 2018 igitur
1073 1933 1210 1996 circum-

113 2041 300 2129 spiciendus
320 2049 369 2106 est
387 2051 511 2106 auctor.
535 2063 573 2105 eo
587 2040 675 2126 qnod
687 2042 851 2128 princeps,
867 2052 902 2104 ut
915 2041 996 2124 dixi,
1010 2041 1209 2106 scholiorum

113 2151 230 2215 horum
254 2152 328 2215 fons
351 2149 456 2215 codex
479 2155 528 2214 est
552 2149 746 2215 VenetusB
778 2149 842 2214 iam
867 2160 977 2216 certus
1005 2149 1142 2215 indicari
1161 2151 1208 2239 Vl?

114 2260 208 2324 detur
232 2270 354 2343 arictor,
383 2260 413 2324 si
446 2260 578 2348 quidem
605 2282 720 2324 verum
750 2270 798 2324 est
823 2259 911 2345 quod
933 2259 1153 2334 Lehrsius
1175 2258 1209 2325 in

113 2369 305 2434 Aristarcho
327 2392 358 2456 p.
372 2369 501 2456 autad.
515 2394 562 2457 pr.
586 2369 751 2452 iudicavit,
775 2391 880 2456 paene
905 2370 1014 2434 omnia
1035 2363 1131 2434 huius
1153 2392 1210 2434 co-

113 2477 192 2543 dicis
221 2478 345 2544 scholia
368 2477 604 2565 Porphyrii
626 2499 707 2542 csse.
759 2479 846 2564 quod
868 2477 1026 2543 iudicium
1051 2500 1093 2543 ex
1116 2487 1208 2566 parte

111 2587 291 2653 stabilitum
315 2598 364 2653 est
386 2588 588 2652 accuratiore
611 2587 733 2654 codicis
755 2586 975 2676 descriptione
998 2611 1015 2651 a
1038 2587 1137 2652 Rosio
1161 2589 1209 2652 fa·

113 2706 172 2778 cta,
196 2698 376 2763 secundum
400 2720 496 2785 quem
518 2697 684 2762 interioris
711 2697 870 2783 marginis
896 2698 1021 2763 scholia
1050 2706 1209 2786 excerpta

112 2808 280 2872 continent
303 2829 346 2872 ex
369 2806 582 2893 amplioribus
597 2807 773 2893 Porphyrii
798 2807 1073 2895 disputationibus
1096 2806 1131 2871 in
1154 2828 1208 2872 ex·

111 2916 234 2981 teriore
258 2917 404 3001 margine
428 2917 566 3004 scriptis.
594 2916 658 2980 iam
680 2925 827 2981 nostrum
852 2917 914 2981 erit
938 2937 1110 3001 quaerere,
1131 2938 1207 3002 qua-

111 3033 207 3088 tenus
219 3024 425 3113 Porphyrius
447 3025 480 3090 in
504 3026 717 3111 problematis
742 3026 807 3089 suis
824 3025 1008 3090 Homericis
1032 3026 1109 3091 artis
1132 3047 1208 3113 poe·

110 3132 193 3198 ticac
214 3133 427 3220 explicandae
450 3136 610 3199 rationem
638 3133 800 3216 habuerit,
835 3156 897 3219 qua
920 3158 995 3199 cum
1019 3134 1208 3221 quaestione

111 3243 212 3307 altera
236 3251 322 3307 arcte
346 3244 521 3308 coniuncta
544 3253 602 3323 cst,
625 3242 835 3328 quantumin
859 3228 919 3307 hac
940 3266 977 3307 rc
1001 3265 1042 3308 ex
1064 3243 1134 3308 eius
1157 3267 1207 3308 co·

111 3349 173 3437 piis
203 3351 383 3438 profecerit
410 3350 552 3438 scriptor
582 3350 806 3417 corrrmentarii
841 3353 875 3415 in
903 3351 1060 3418 interiore
1085 3351 1207 3418 cod-B

115 3498 311 3506 -.,-..--

212 3579 246 3630 70
263 3577 431 3647 Exemplum
450 3577 568 3646 praebet
584 3593 638 3631 vox
656 3580 837 3650 οἰκονομικῶς
857 3582 886 3632 et
904 3595 974 3648 quae
992 3597 1027 3633 ex
1048 3596 1081 3634 ea
1099 3580 1208 3635 deriva-

110 3676 156 3728 tae
178 3678 251 3728 sunt.
288 3674 338 3730 cfr.
355 3674 574 3744 scholHy279
599 3675 794 3747 ιίαιμονίως
821 3673 1125 3750 προῳκονόμηται
1152 3676 1207 3749 πρὸ

109 3771 156 3824 τοῦ
172 3772 323 3843 μεσοῦντος
337 3775 476 3843 χειμῶνος
491 3773 616 3825 τελευτᾶν
632 3769 683 3826 τὸν
701 3769 873 3843 κυβερνήτην.
889 3772 928 3829 ib.
937 3776 989 3828 296
1007 3771 1108 3847 μικρὸν
1126 3777 1207 3829 λίθον

109 3867 187 3921 εἶπεν
205 3865 241 3926 ὠς
259 3865 328 3939 πρὸς
347 3862 489 3938 σύγκρισιν
509 3869 564 3921 τῶν
584 3869 642 3922 ἐκεῖ
659 3872 816 3940 γινομένων
829 3865 967 3941 κυμάτων·
985 3866 1050 3925 ὅλον
1063 3870 1094 3924 dd
1113 3874 1206 3924 οἱκο-

110 3969 333 4036 νομημένως,
353 3969 397 4018 ἵνα
415 3968 550 4036 τοῖςπερὶ
570 3962 600 4018 τὸ
618 3971 723 4037 χωρίον
741 3963 830 4022 αὐτῶν
848 3963 944 4035 ἀσινὴς
962 3965 977 4035 ἡ
997 3969 1108 4035 ἔκβασις
1125 3971 1204 4037 γένη·

108 4081 151 4113 ται
169 4063 389 4132 προεκλνομένοιι
406 4062 453 4114 τοῦ
474 4055 601 4132 κύματος.
622 4064 669 4117 vel
684 4063 719 4117 de
730 4063 857 4130 Alcinoo,
878 4064 923 4118 oui
934 4063 980 4118 dei
995 4064 1086 4117 instar
1097 4064 1206 4118 obtem·

108 4161 190 4225 perat
208 4157 327 4225 populus
347 4156 430 4210 schol.
445 4156 492 4224 Po
512 4177 528 4223 η
546 4160 577 4210 ll
600 4161 646 4210 καὶ
670 4160 749 4212 τοῦτο
776 4161 963 4231 οἰκονομικῶς.
986 4191 1018 4198 -
1039 4157 1084 4212 διὰ
1106 4156 1206 4227 δὲτὴν

109 4254 264 4322 φιλοξενίαν
281 4252 328 4303 τοῦ
338 4247 475 4307 Ἀλκινόου
491 4249 645 4323 ἀναγκαίως
664 4249 841 4308 ὑπακούουσι,
860 4234 961 4307 similia
970 4255 1151 4309 inveniuntur
1168 4255 1204 4331 ad

107 4349 188 4416 γ360
206 4349 286 4412 ι116,
298 4350 358 4413 209,
368 4352 420 4404 308
439 4370 455 4403 κ
466 4352 500 4404 95
519 4353 597 4422 ρ376
615 4353 703 4406 1175.
723 4351 790 4406 talia
808 4369 864 4406 non
887 4356 953 4406 sunt
971 4352 1089 4422 Didymi.
