3000 5176
834 295 873 359 52

302 489 336 544 ut
360 479 467 544 omnia
489 481 559 544 fere
582 480 712 544 vincula
733 479 863 544 revellit
879 488 1039 543 vetustate
1055 486 1256 561 consecrata,
1280 477 1323 541 ita
1341 498 1395 541 ne-

303 612 365 677 quc
390 589 563 654 inhaere
587 588 715 653 traditis
740 588 860 653 normis
893 610 927 653 se
956 587 1117 671 astrinxit,
1144 609 1251 672 neque
1283 587 1398 652 melio—

198 721 205 727 ·
303 722 355 764 res
378 700 410 762 in
432 698 579 764 tritarum
603 699 674 763 loco
700 699 854 785 reposuit.
885 709 998 764 notum
1021 708 1078 776 est,
1104 701 1144 763 ob
1168 697 1305 762 eandem
1329 719 1397 761 rem

302 807 494 895 Euripidem
525 807 588 870 iam
610 807 650 870 ab
673 805 896 893 Aristophane
924 805 1048 870 comico
1072 806 1106 871 in
1129 805 1397 870 Acharnensibus

303 917 403 1002 carpi,
435 925 568 1002 propter
599 937 693 998 quam
728 915 969 1002 Aristophanes
1002 916 1231 1001 grammaticus
1268 914 1397 999 signum

302 1049 394 1090 suum
426 1024 534 1090 versui
565 1023 613 1087 illi
648 1024 822 1112 Hippolyti
854 1025 1015 1112 apposuit,
1045 1024 1176 1089 tertium
1210 1023 1397 1109 exemplum

303 1134 403 1198 mirae
426 1134 510 1198 inter
531 1132 591 1197 hos
609 1132 695 1197 viros
714 1131 826 1196 iudicii
848 1132 1061 1216 aequalitatis.
1083 1131 1293 1218 Dicaeopolis
1311 1133 1398 1195 fores

302 1243 435 1330 pulsans
459 1240 541 1329 petit
558 1243 598 1305 ab
611 1239 779 1327 Euripide,
803 1252 837 1304 ut
862 1240 1059 1324 egrediatur.
1082 1231 1148 1304 ἀλλ’
1164 1232 1206 1304 mi
1229 1234 1328 1326 σχολή
1351 1262 1398 1303 rc·

303 1351 435 1438 spondit
457 1351 519 1416 hic.
563 1352 602 1415 ad
637 1348 722 1433 quod
744 1349 955 1435 Dicaeopolis
978 1341 1045 1412 ἀλλ’
1071 1344 1292 1435 ἐκκυκλήθητ’.
1321 1348 1398 1413 Eur.

300 1453 367 1526 ἀλλ’
388 1453 558 1526 ἀδύνατον.
585 1459 654 1524 Dic.
679 1450 746 1523 ἀλλ’
764 1453 862 1542 ὅμως.
889 1458 965 1524 Eur.
987 1452 1057 1524 ἄλλ’
1072 1454 1320 1546 ἐκκυκλήσομαι·
1342 1483 1397 1522 κα-

301 1570 463 1654 ταβαίνειν
482 1570 509 1634 δ’
535 1561 578 1634 cri
599 1563 709 1655 σχολή.
742 1568 935 1633 facetissime
963 1568 1203 1657 Aristophanes
1225 1569 1278 1633 hic
1303 1591 1398 1654 occy-

303 1682 406 1745 clcma
429 1691 464 1743 ut
486 1678 666 1743 machinam
681 1677 817 1761 inducit,
840 1701 902 1758 qua
920 1678 973 1763 qui
995 1686 1105 1743 utatur
1126 1678 1264 1766 tempori
1286 1689 1398 1766 pareat

302 1784 535 1853 descendendi.
567 1807 673 1870 neque
705 1785 763 1849 ulli
797 1785 981 1862 obnoxium,
1006 1793 1055 1849 est
1082 1784 1286 1867 dubitationi,
1320 1785 1396 1869 quin

303 1895 477 1984 Euripides
500 1904 676 1981 spectetur,
707 1895 760 1979 qui
783 1896 974 1978 eccyclcma
996 1895 1157 1976 adhibeat,
1186 1895 1240 1960 ubi
1265 1917 1398 1982 prorsus

302 2029 367 2071 non
381 2006 421 2072 sit
433 2005 666 2072 necessarium.
691 2015 723 2068 et
741 2003 890 2070 altiorem
909 2005 1005 2069 ctiam
1028 2027 1123 2090 quam
1145 2005 1250 2068 obiter
1271 2002 1398 2089 legenti

301 2117 431 2181 uidetur
455 2138 582 2179 causam
598 2113 708 2195 fuisse,
731 2137 790 2178 cur
803 2114 982 2199 Byzantius
1006 2135 1136 2179 versum
1157 2114 1251 2178 illum
1272 2114 1400 2201 Hippo·

304 2226 363 2312 lyti
387 2234 526 2307 notaret,
558 2246 598 2288 ex
635 2224 738 2288 altera
771 2232 848 2287 nota
869 2221 917 2286 illi
937 2222 1033 2309 plane
1056 2223 1200 2308 gemella
1222 2232 1321 2310 patet,
1364 2223 1397 2287 in

303 2333 471 2400 Alcestide
494 2332 674 2420 Euripidea
698 2332 843 2398 Alcestis
866 2331 1060 2397 moribunda
1090 2355 1154 2396 una
1189 2355 1260 2396 cum
1283 2331 1397 2396 marito

302 2445 335 2508 iu
356 2464 507 2509 scaenam
533 2441 742 2506 ἕκκυκλεῖται.
763 2441 963 2526 conspicitur
983 2440 1085 2524 igitur
1107 2441 1244 2506 interior
1266 2441 1394 2507 aedium

301 2575 386 2641 pars.
410 2551 620 2617 nihilominus
633 2550 809 2638 Euripides
823 2551 959 2615 chorum
971 2551 1048 2617 facit
1060 2552 1248 2639 loquentem
1262 2553 1306 2634 (v.
1318 2552 1395 2636 234)

301 2658 374 2726 ideal
398 2656 480 2743 tuat,
505 2656 552 2747 ἥδ’
577 2659 617 2724 ἐκ
639 2655 772 2743 δόμων
793 2655 833 2746 δὴ
857 2660 911 2725 καὶ
932 2656 1032 2739 πόσις
1047 2657 1233 2745 πορεύεται.
1257 2661 1397 2747 adquae

300 2769 489 2835 scholiasta:
523 2761 585 2835 oria
607 2755 648 2834 cri
660 2789 667 2803 ·
689 2765 771 2833 κατὰ
790 2766 849 2855 γὰρ
872 2769 929 2857 τὴν
944 2766 1118 2838 ’ὑπόθεσιν
1141 2766 1187 2850 ὥς
1209 2768 1274 2838 ἔσω
1296 2796 1397 2856 πρατ-

298 2873 419 2962 τόμενα
440 2879 492 2944 dei
513 2882 614 2943 ταῦτα
638 2884 857 2964 θεωρεῖσθαι,
880 2881 934 2946 ubi
952 2881 1203 2968 Aristophanem
1221 2903 1317 2947 neme
1332 2905 1397 2946 nou

300 2989 527 3054 subodoratur.
552 2989 642 3052 chori
667 2988 774 3055 verbis
795 2989 828 3053 id
850 2990 955 3078 ipsum
978 2991 1115 3072 tollitur,
1140 2991 1227 3076 quod
1251 2992 1397 3074 eecycle-

300 3107 384 3162 mate
405 3098 549 3164 adhibito
560 3100 706 3190 ⁸efficere
725 3100 795 3164 vult
820 3109 924 3187 poeta.
946 3099 1108 3164 evolvitur
1121 3122 1157 3165 re
1176 3122 1255 3166 vera
1272 3095 1398 3182 ξύλινον

299 3205 380 3272 illud
402 3201 572 3295 μηχάνημα
593 3208 729 3292 τροχούς
751 3205 826 3290 ἔχον
851 3219 884 3273 at
907 3232 973 3275 non
996 3230 1034 3273 eo
1064 3209 1213 3290 consilio,
1249 3218 1284 3273 ut
1314 3229 1396 3294 quae

299 3339 458 3405 personae
483 3320 678 3383 evolvuntur
698 3341 755 3384 eae
780 3342 822 3383 ex
847 3319 980 3385 aedibus
1002 3318 1175 3384 videantur
1198 3319 1323 3404 egredi,
1340 3319 1397 3384 sed

299 3434 334 3490 ut
363 3416 499 3492 ihterior
523 3426 651 3490 aedium
680 3450 754 3514 pars
785 3437 1004 3516 spectatorum
1030 3428 1134 3493 oeulis
1168 3437 1289 3517 pateat.
1333 3451 1397 3493 non

300 3533 467 3618 relinquit,
501 3556 581 3618 quae
612 3535 669 3600 six
702 3536 852 3622 spiritum
876 3537 975 3617 ducit,
1008 3537 1152 3601 Alcestis
1189 3535 1331 3620 domum,
1362 3546 1399 3600 ut

302 3639 462 3724 Phaedra,
494 3663 576 3726 quae
599 3644 698 3709 variis
723 3644 821 3709 animi
845 3645 1143 3730 perturbationibus
1165 3645 1338 3711 sollicitata
1365 3654 1397 3709 et

300 3750 487 3814 excruciata
511 3752 644 3816 anxium
667 3763 780 3839 pectus
811 3753 871 3817 sub
901 3754 975 3818 divo
1007 3755 1179 3819 exonerari
1204 3763 1305 3842 putat,
1338 3756 1397 3820 sed

303 3859 479 3942 tranquille
503 3860 610 3924 animo
632 3862 847 3927 voluntariam
864 3872 1000 3927 mortem
1025 3874 1188 3950 expectat.
1208 3859 1396 3948 quarc‘non

300 3969 383 4032 bene
406 3968 545 4033 instituit
556 3970 731 4058 Euripides
754 3993 821 4035 rem
846 3948 900 4053 ita,
923 3981 959 4036 ut
982 3973 1118 4038 chorum
1142 3974 1263 4038 faceret
1286 3972 1395 4038 dicen-

298 4087 375 4156 tem,
400 4079 545 4162 egredi
561 4080 766 4145 Alcestidem
785 4104 859 4146 cum
875 4082 1002 4165 marito,
1029 4105 1100 4146 nam
1114 4082 1293 4147 secundum
1306 4083 1396 4148 fabu-

298 4187 350 4251 lae
377 4198 608 4272 argumentum
632 4199 667 4254 ut
688 4190 776 4256 intus
797 4203 868 4258 acta
889 4193 972 4257 haee
995 4191 1140 4280 conspici
1165 4184 1306 4258 debent'.
1351 4192 1396 4257 ita

299 4294 447 4360 scholion
471 4296 731 4383 intellegendum
754 4308 812 4364 est.
846 4301 1004 4366 falluntur
1026 4301 1169 4367 Ochetus
1193 4312 1224 4366 et
1246 4301 1301 4386 qui
1323 4322 1395 4365 eum
