3000 5176
808 304 851 368 68

181 526 184 530 ·
264 482 401 576 genite,
431 489 517 576 quod
548 490 692 554 breviter
723 498 888 574 tangatur,
914 513 1026 555 eorum
1059 490 1192 571 scilicet,
1227 511 1310 577 quac
1338 489 1377 552 ad

283 610 453 687 poetarum
479 599 677 684 tragicorum
707 598 893 664 dissensum
917 600 969 664 vel
995 623 1188 665 consensum
1213 622 1286 662 cum
1310 598 1378 662 Ho-

284 731 374 774 mero
399 717 557 796 spectant.
597 719 767 796 postquam
791 712 914 798 primus
937 711 1081 778 Cobetus
1105 711 1138 775 in
1164 710 1278 775 scholl.
1301 709 1380 775 Eur.

283 818 324 882 ad
346 818 426 881 llec.
454 819 510 881 1.4
535 818 773 902 animadvertit,
797 819 929 884 solitum
953 819 1055 885 fuisse
1076 821 1117 884 ab
1143 820 1289 884 Homero
1316 817 1379 882 dis·

283 948 416 992 sensum
430 927 463 990 in
483 927 616 992 scholiis
638 952 657 1008 χ
682 928 775 1011 signo
800 929 915 1012 notari,
939 930 994 1014 qui
1009 931 1174 996 dissensus
1189 930 1222 993 in
1235 929 1379 993 Homero

282 1034 352 1123 ipso
376 1035 466 1122 dipla
488 1035 618 1123 appicte
642 1047 821 1120 notaretur,
844 1038 1095 1106 etScbraderus
1118 1039 1138 1104 l.
1152 1039 1172 1103 l.
1184 1061 1215 1124 p.
1229 1038 1267 1101 19
1289 1035 1378 1101 addi-

283 1143 340 1228 dit,
370 1145 465 1209 ctiam
500 1146 681 1211 dissensum
717 1168 790 1209 cum
820 1145 891 1210 aliis
920 1147 1024 1234 poetis
1048 1147 1110 1211 hoc
1140 1147 1237 1212 modo
1263 1147 1379 1226 notari,

253 1258 378 1337 '(quae
410 1263 506 1317 notae
539 1264 571 1318 et
596 1254 772 1319 dictionem
805 1265 837 1319 et
867 1277 919 1319 res
953 1255 1114 1341 mythicas
1142 1257 1379 1344 geographicas
1465 1330 1469 1336 ,

282 1362 512 1447 grammaticas
535 1363 766 1448 respiciebant)
788 1386 848 1429 nos
881 1387 982 1429 unum
1007 1365 1194 1453 exemplum
1220 1367 1380 1452 cognovi-

284 1496 364 1553 mus,
397 1471 451 1536 ubi
473 1481 576 1535 artem
602 1472 735 1559 respicit
759 1473 898 1557 signum,
924 1475 1072 1539 scholion
1096 1474 1377 1559 Antig.1350ex

286 1581 513 1669 Aristophanis
539 1591 734 1664 argumento
757 1582 974 1669 desumptum.
998 1583 1060 1647 iam
1076 1584 1252 1647 nonnullae
1267 1593 1380 1648 extant

283 1692 314 1756 in
347 1689 490 1771 scholiis,
527 1689 724 1777 Sophocleis
753 1691 967 1778 potissimum,
1006 1692 1261 1775 observationes
1295 1713 1379 1778 quac

282 1798 506 1865 oeconomiam
528 1824 546 1864 a
568 1799 672 1887 poetis
696 1800 854 1864 scaenicis
875 1800 972 1865 aliter
994 1812 1093 1886 atquc
1115 1800 1155 1865 ab
1167 1800 1314 1864 Homero
1331 1800 1379 1865 in·

283 1909 427 1972 stitutam
452 1908 649 1992 significent.
673 1908 707 1973 in
724 1909 774 1972 his
788 1910 921 1997 propria
938 1910 1078 1994 quadam
1097 1909 1208 1973 indole
1231 1909 1377 1973 eminent

284 2016 410 2082 scholia
432 2016 472 2080 ad
498 2016 963 2105 Soph.Eloet1·.r‚445,539.
1007 2019 1086 2082 haec
1117 2018 1205 2082 enim
1237 2040 1275 2082 eo
1296 2017 1378 2083 mire

283 2126 498 2204 consentiunt,
531 2125 618 2211 quod
647 2127 821 2192 scholiasta
844 2127 981 2192 alterum
1004 2126 1167 2214 quendam
1190 2126 1376 2211 grammati-

282 2259 354 2299 cum
378 2235 601 2321 reprehendit,
632 2235 685 2319 qui
708 2259 727 2298 a
750 2234 919 2322 Sophocle
943 2236 1142 2323 poposcerit,
1175 2247 1210 2300 ut
1231 2235 1377 2300 fabulam

282 2367 373 2409 suam
393 2366 524 2431 prorsus
547 2344 743 2409 Homericae
766 2345 944 2409 narrationi
967 2344 1202 2409 accomodaret.
1247 2344 1294 2408 sic
1319 2342 1377 2407 de·

282 2451 380 2516 bebat
392 2451 584 2537 Sophocles,
605 2451 663 2517 illo
679 2452 890 2536 grammatico
905 2452 1025 2533 iudice,
1049 2452 1164 2516 eodem
1180 2451 1289 2535 modo,
1314 2474 1376 2536 quo

282 2560 432 2624 Minerva
449 2559 542 2624 Vlixi
566 2560 712 2625 Ithacam
736 2570 894 2625 monstrat
923 2585 940 2624 ν
960 2562 1022 2625 344
1040 2583 1123 2646 sqq,
1147 2560 1377 2648 paedagogum

284 2669 441 2733 inducere
468 2666 580 2734 Oresti
603 2670 716 2752 Argos
740 2678 987 2752 monstrantem,
1011 2669 1057 2734 sic
1080 2668 1221 2733 debebat
1245 2667 1378 2754 Clytae-

282 2789 458 2841 mnestram
478 2799 545 2841 non
568 2776 601 2840 in
622 2777 740 2842 balneo
762 2777 1014 2842 interficientem
1032 2778 1141 2843 facere
1155 2777 1377 2861 Agamemno·

281 2907 368 2968 nem,
392 2885 450 2950 sed
473 2896 510 2952 ut
530 2887 696 2951 Homerus
717 2886 813 2951 <5535
835 2886 868 2949 in
899 2908 1013 2970 coena,
1046 2885 1092 2950 sic
1116 2885 1258 2971 denique
1282 2884 1378 2950 debe·

282 2995 335 3059 bat
360 3018 423 3060 non
447 2995 526 3059 duas
546 2994 630 3060 filias
641 2995 794 3061 Menelao
820 2995 971 3076 tribuere,
996 2994 1054 3059 sed
1072 3005 1109 3062 ut
1118 2993 1285 3060 Homerus
1306 2992 1378 3058 612

281 3128 389 3169 unam.
437 3114 552 3169 contra
579 3104 660 3169 haee
681 3105 841 3193 postulata
863 3103 1061 3192 Sophoclem
1091 3102 1191 3168 tuitus
1214 3101 1378 3167 subtiliter

281 3224 314 3278 ct
346 3211 528 3300 prudenter
561 3222 669 3276 monet
706 3212 900 3295 scholiasta,
928 3211 1093 3298 ignoranti
1128 3221 1250 3276 terram
1282 3232 1377 3274 mon-

281 3332 383 3387 strare
416 3323 657 3410 paedagogum,
689 3323 870 3388 Minervam
904 3320 1097 3403 incredulc;
1131 3321 1207 3385 satis
1240 3341 1322 3404 ease,
1349 3319 1375 3383 si

281 3432 433 3496 univorsa
458 3432 570 3497 fabula
590 3432 703 3497 eadem
726 3441 865 3515 maneat,
895 3431 928 3495 in
951 3431 1092 3515 singulis
1119 3433 1218 3496 rebus
1246 3452 1305 3516 pro
1328 3453 1378 3494 ar-

282 3540 379 3605 bitrio
400 3563 666 3627 unumquemque
695 3550 824 3626 poetam
854 3539 978 3604 variare
1008 3560 1105 3626 posse
1130 3538 1375 3622 oeconomiam3

283 3674 349 3715 non
381 3650 518 3714 multum
553 3652 711 3715 interesse
738 3660 846 3714 utrum
878 3673 940 3713 una
970 3648 1037 3713 filia
1069 3649 1230 3714 tribuatur
1263 3648 1374 3713 Menc-

280 3760 332 3824 lao
364 3784 406 3825 an
442 3759 534 3844 duae,
569 3761 596 3824 si
631 3760 727 3826 modo
762 3760 898 3824 dramati
932 3759 992 3822 hac
1026 3779 1061 3822 re
1092 3758 1241 3823 consulat
1269 3767 1376 3844 poeta.

282 3874 412 3958 quinam
438 3882 512 3938 sunt
535 3873 568 3937 hi
592 3871 811 3938 scholiastae?
852 3872 1034 3957 Didymum
1066 3872 1187 3959 optimc
1211 3880 1377 3937 versatum

280 3986 315 4050 in
337 3993 406 4048 arte
428 3982 580 4048 scaenica
603 3981 804 4047 aestimanda
834 3981 1066 4068 unusquisque,
1095 3989 1183 4068 pute,
1217 3980 1376 4069 persenti-

281 4103 360 4158 scat.
385 4101 418 4155 at
437 4091 509 4177 quis
520 4091 717 4157 Homericus
731 4090 816 4155 ille?
839 4091 893 4154 hic
914 4099 992 4176 puto
1015 4111 1084 4154 rem
1106 4088 1297 4154 felicissime
1317 4111 1376 4154 acu

280 4202 428 4286 tetigisse
462 4199 653 4267 Mauricium
677 4200 906 4283 Schmidtium,
938 4200 1028 4266 cuius
1057 4199 1138 4263 haec
1172 4208 1248 4262 sunt
1277 4199 1376 4262 verba

280 4311 302 4377 l.
321 4311 341 4378 l.
366 4333 397 4396 p.
414 4310 492 4376 265:
526 4310 640 4375 videor
670 4311 750 4374 milri
770 4314 804 4374 in
827 4311 875 4374 tn
900 4309 1176 4375 observationibus
1198 4306 1374 4393 Didymeon
