3000 5176
630 330 690 394 113

192 515 234 581 ib.
261 514 319 578 112
341 513 464 596 χαίρειν
489 507 615 579 Ἀθάνα
636 501 752 578 τάλλαι
774 544 819 559 ·—
845 507 1089 595 άπερκοπτικδν
1109 511 1145 577 δὲ
1166 507 1204 577 τδ

109 612 196 712 ἦθος
227 615 327 689 αὗταίΙ
363 623 515 688 ἐντεῦθεν
548 621 743 689 ἐνδείκνυται
777 618 794 686 ό
830 619 979 709 ποιητὴς,
1012 621 1085 687 ἐπεὶ
1120 617 1205 686 πάνυ

108 727 299 818 πρόσκειται
330 728 347 797 ὁ
371 725 531 818 άκροατης
557 734 604 818 τῷ
627 725 753 796 Αἴαντι
782 727 835 797 διά
858 726 917 817 τὴν
938 726 1119 820 συμφοράν,
1154 731 1207 796 καὶ

107 841 281 925 μονονουχὶ
309 840 497 923 χαλεπαίνει
527 843 574 926 τῷ
601 842 731 929 ποιητῇ,
766 841 820 904 ἵνα
848 834 927 927 δόξη
958 831 1158 921 άξιοπαθεῖν
1188 835 1205 903 ό

108 945 200 1029 Αἴας
220 949 265 1036 μὴ
286 945 546 1034 ὑποτεταγμένος
567 951 607 1037 τῇ
628 947 766 1031 δαίμονι.
1219 965 1236 1019 5

167 1068 170 1074 ’
190 1060 233 1125 ib.
253 1058 313 1123 766
335 1053 516 1146 παρατήρει
540 1049 685 1123 κάνθάδε
713 1053 772 1141 τὴν
801 1051 998 1143 προσθήκην
1026 1060 1085 1123 τοῦ
1109 1082 1207 1143 ποιη-

107 1172 176 1252 τοῦ,
198 1164 249 1234 ὅτι
272 1171 430 1255 προσῆψε
450 1171 497 1253 τῷ
511 1161 635 1232 Αἴαντι
652 1167 883 1252 γλωσσαργίαν,
906 1166 1081 1249 μονονουχὶ
1103 1172 1207 1250 θερα-

33 1315 41 1325 ·
107 1275 219 1343 πεάων
238 1277 296 1343 τδν
316 1274 441 1363 θεατὴν
463 1274 507 1363 μὴ
529 1267 698 1357 όίχθεσθαι
718 1280 758 1364 τῇ
780 1280 935 1364 συμφορᾷ
955 1279 1013 1340 τοι)
1036 1272 1205 1354 Αἴαντος·

107 1387 397 1474 προσηικειωμένοι
424 1383 482 1471 γάρ
509 1376 569 1472 ἤδη
597 1389 637 1474 τῇ
668 1377 767 1475 άρετῇ
801 1377 900 1451 αάτοῦ
936 1380 1052 1467 σχεδόν
1079 1385 1133 1450 καὶ
1159 1389 1206 1472 τῷ

107 1500 229 1587 ποιητῇ
252 1489 442 1582 ὀργίζονται.
1221 1511 1254 1561 10

190 1607 234 1671 ib.
257 1606 338 1670 1047
362 1590 467 1687 οὗτος,
492 1603 529 1670 σὲ
550 1607 667 1694 φωνῶι
701 1599 890 1688 ὑβριστικόν
918 1600 957 1667 τό
987 1592 1074 1690 ἦθος
1098 1608 1207 1670 Μενε-

107 1708 206 1778 λάου·
229 1707 311 1790 ἴσως
333 1712 368 1778 ἐκ
387 1715 445 1799 τῆς
466 1713 672 1796 συνωμοσίας
691 1705 878 1791 Ὀδυσσέως.

191 1823 312 1888 Electr.
336 1823 397 1888 328
426 1823 485 1887 τίν’
512 1810 551 1887 αὖ
579 1819 618 1889 σά
654 1818 766 1910 τήνδει
802 1823 952 1909 ἐπιτηδὲς
983 1827 1055 1901 τοῖς
1084 1814 1208 1908 άγρίοις

106 1923 224 2020 ἤθεσιν
253 1924 568 2017 άντιπαρατάττουσι
597 1936 697 2021 πρᾷα,
731 1928 887 2017 καθάπερ
911 1936 965 1997 νῦν
987 1935 1026 2021 τῇ
1048 1923 1206 2019 Ἠλέκτρηι

103 2037 164 2128 τὴν
187 2037 404 2125 Χρυσόθεμιν
425 2040 610 2124 συνέζευξεν
638 2041 690 2107 καί
719 2046 758 2131 τῇ
779 2035 945 2130 Ἀντιγόνῃ
968 2038 1027 2128 την
1048 2032 1206 2127 Ἰσμήνην,
1221 2064 1252 2115 15

107 2147 201 2217 ἕνεκα
221 2153 281 2217 τοῦ
304 2151 539 2216 διαποικίλλειν
559 2156 632 2230 ταῖς
652 2143 861 2237 άντιρρήσεσι
882 2148 923 2215 τά
946 2145 1102 2234 δράματα.

192 2261 301 2329 Orest.
323 2261 391 2325 414
406 2256 467 2345 ίίρα
488 2256 526 2326 τδ
551 2252 670 2349 εδιγυὲς
690 2264 748 2326 τοῦ
773 2263 924 2347 ποιητοῦ,
942 2263 1018 2337 πιῦς4
1038 2261 1078 2325 δι’
1093 2250 1207 2347 τίμησ-

108 2372 211 2456 τέρων
231 2374 297 2436 τῶν
318 2366 512 2455 προσώπων
534 2365 661 2436 τούτων
682 2374 741 2437 τοῦ
765 2363 914 2454 Ὀρέστου
943 2369 1075 2435 καὶτοῦ
1098 2373 1207 2433 Μενε-

108 2477 186 2549 λάου
206 2478 264 2559 τάς
287 2479 431 2558 ἐναντίας
451 2483 516 2545 τῶν
537 2472 729 2566 άνθριόπων
750 2474 847 2562 δόξας
865 2475 1037 2566 δποδηλοῖ.

198 2719 214 2769 8
234 2714 318 2769 schol.
328 2714 351 2766 Β
366 2721 395 2766 Ψ
403 2715 455 2766 184
467 2711 513 2766 διὰ
531 2714 605 2767 δὲ
573 2733 619 2780 της
629 2732 837 2787 αταφωνησεως
856 2709 1066 2784 ἐθεράπευσε
1041 2733 1089 2768 τον
1106 2710 1206 2784 άκραα-

108 2808 165 2880 τήν
185 2807 237 2878 ηδη
256 2808 309 2880 γὰρ
328 2812 487 2879 σννέπασχε
505 2810 536 2882 τῇ
555 2811 602 2863 τοῦ
613 2805 743 2880 Ἕκτορος
762 2813 845 2879 αλκίᾳ.
873 2809 960 2863 schol.
969 2807 1184 2864 ΒΙΝΖ373
1157 2828 1206 2876 την

107 2914 196 2964 αἰτίαν
222 2927 268 2974 της
295 2900 390 2967 ἐξόδου
423 2910 501 2978 φησὶ,
536 2902 789 2978 παραμυθούμενος
817 2905 890 2977 ημᾶς
916 2911 1142 2977 σιναχθομίνονς
1168 2928 1205 2975 τρι

99 3001 216 3076 “.Εκτορι

180 3102 214 3154 14
232 3099 317 3154 schol.
329 3099 377 3152 BL
388 3106 416 3152 A
428 3100 480 3152 307
498 3092 608 3155 εἰκότως
624 3097 662 3166 τῷ
670 3093 785 3167 Ἀχιλλεῖ
803 3098 912 3168 θυμικῴ
930 3092 985 3152 άντι
1006 3091 1086 3163 ἤπιος
1100 3090 1139 3150 ὢν
1147 3090 1205 3149 Πά-

107 3200 218 3269 τροκλος
237 3191 352 3267 πάρεστι
372 3193 442 3265 πρὸς
463 3191 493 3277 τὸ
514 3191 563 3247 τὸν
581 3191 674 3265 θυμὸν
694 3188 777 3247 αὐτοῦ
796 3187 957 3265 μαλάσσειν.

181 3295 214 3347 15
234 3294 312 3347 lubet
338 3292 404 3346 huic
430 3290 536 3345 scholio
560 3290 737 3360 subiungere,
764 3290 865 3359 quibus
885 3289 1000 3343 Electra
1026 3291 1206 3358 comparatur

107 3410 171 3447 cum
195 3390 340 3459 Antigona
363 3388 405 3442 El.
426 3389 477 3441 343
503 3383 610 3440 ἅπαντα
636 3380 689 3456 γάρ
720 3402 763 3439 σοι
788 3383 862 3457 τάμά
891 3380 1096 3457 νουθετὴματιιι
1123 3385 1205 3438 ταῦτα

107 3482 194 3543 ὁποῖά
212 3484 321 3541 ἐστιτὰ
343 3487 390 3540 ἐπὶ
407 3485 437 3558 τῇ
449 3479 595 3556 Ἀντιγόνη,
622 3479 694 3538 ὅπου
717 3485 749 3556 τῇ
769 3478 886 3556 ’Ῑσμήνη
913 3483 1031 3553 λοιδορεῖ
1052 3485 1096 3535 καὶ
1118 3485 1205 3554 φησὶν

108 3580 192 3652 αὐτὴν
213 3580 243 3637 τά
264 3586 399 3653 Κρέοντος
417 3587 533 3654 φρονεῖν
545 3581 651 3650 (mig.
664 3583 736 3647 549).
755 3580 792 3635 ib.
805 3582 858 3634 384
875 3572 987 3651 ἁρμόζει
1008 3581 1068 3633 λίιιν
1085 3575 1115 3631 τὸ
1137 3572 1206 3647 πρό-

110 3699 206 3736 σωπον
219 3676 364 3749 Ἠλέκτρας
380 3679 412 3751 τῇ
422 3670 568 3749 Ἀντιγόνη.
594 3677 632 3731 ib.
646 3678 714 3729 1019
736 3669 880 3749 παρατόρει
903 3668 1028 3728 κάνθάδε
1045 3672 1096 3740 τὴν
1115 3669 1206 3726 εὔτολ-

108 3785 185 3851 μίαν,
206 3775 242 3837 ὡς
261 3780 307 3829 καὶ
325 3777 356 3829 ἰν
365 3768 510 3847 Ἀντιγόνη.

181 3876 214 3928 18
232 3873 271 3927 ib.
283 3873 336 3927 350
353 3867 409 3924 άπὸ
428 3868 535 3940 πρώτης
553 3863 678 3938 παρόδου
697 3868 854 3939 σημεισῦται
872 3862 903 3920 τὸ
922 3861 1058 3933 κακόηθες
1076 3866 1120 3933 τῆς
1137 3861 1206 3935 γνώ-

108 3993 163 4046 μης
183 3965 334 4026 Μενελάου.
370 3971 407 4024 ib.
427 3971 477 4022 371
501 3963 604 4021 ὕπουλα
625 3959 715 4019 πάντα
735 3962 769 4018 τίι
787 3957 895 4035 ρὴματα
913 3957 1066 4017 Μενελάου.
1101 3962 1140 4016 ib.
1151 3964 1203 4014 411

110 4065 253 4135 κακοήθως
271 4068 309 4136 τῷ
328 4060 442 4138 ὀνόματι
463 4056 598 4135 ἰχρήστιτο
616 4062 661 4128 τῆς
680 4064 789 4131 μανίας,
816 4055 951 4126 κακόηθες
971 4059 1002 4112 δὲ
1022 4056 1115 4112 καὶτὸ
1139 4056 1205 4111 ὑπο·

109 4159 277 4240 μιμνόσκειν
295 4158 380 4217 αὐτὸν
398 4163 446 4215 τοῦ
467 4153 557 4232 (μόνον
576 4159 622 4224 τῆς
639 4150 749 4228 μητρός.
768 4150 840 4226 ἤρκει
858 4155 912 4225 γὰρ
933 4152 964 4208 τὸ
983 4139 1073 4208 ἀὗταί
1090 4170 1120 4207 σε
1141 4161 1220 4221 fiam·

73 4301 75 4305 ψ
108 4257 256 4335 χεάοασιιί.
293 4261 330 4314 ib.
344 4261 397 4312 437
415 4251 499 4311 πιίλιν
518 4247 755 4326 φιλοπραγμόνως
775 4251 789 4304 ὁ
811 4255 956 4312 Μενέλαος
975 4258 1154 4323 παραγυμνοῖ
1173 4250 1205 4305 τὸ

109 4351 178 4427 ἦθος
195 4362 346 4431 φροντίζων
366 4356 491 4426 περὶτῆς
511 4354 656 4420 βασιλείας.

1006 4445 1024 4499 8
