3000 5176
810 314 852 380 66

289 496 410 564 Phoco.
432 498 493 562 909
516 501 580 563 100
608 499 784 564 referenda
808 511 883 565 suut
906 500 1021 566 scholl.
1044 500 1384 585 011Α100.828,1184

290 606 412 673 Phoen.
426 609 498 690 007,
512 609 603 674 1606.

387 718 432 780 Vt
455 717 625 802 vituperia,
648 740 730 805 quae
753 719 803 783 his
829 718 909 784 locis
935 719 968 784 in
987 719 1180 807 Euripidem
1202 719 1383 802 mittuntur,

288 827 369 891 miro
393 827 490 892 uredo
512 827 599 892 inter
619 849 654 891 se
678 828 894 905 consentiunt,
917 828 961 891 ita
985 837 1021 891 ut
1044 853 1061 892 a
1084 828 1229 913 Didymo
1254 829 1384 894 Aristo-

287 935 402 1024 phanis
424 947 516 1000 notas
539 936 777 1022 interpretante
804 936 942 1000 oriunda
965 960 1003 1001 00
1026 959 1097 1002 0000
1122 938 1199 1001 mihi
1221 941 1319 1024 plene
1343 939 1384 1003 sit

285 1067 487 1132 persuasum,
509 1043 554 1108 ita
577 1066 677 1108 unum
700 1067 779 1131 prae
802 1067 835 1109 00
857 1045 968 1109 ferunt
990 1045 1143 1127 colorem,
1166 1068 1248 1131 quae
1270 1058 1384 1111 eontra

287 1175 325 1218 ea
340 1178 366 1226 ,0
388 1153 560 1219 defensore
583 1154 709 1240 prolata
734 1164 817 1218 sunt.
862 1154 1027 1220 Teucrum
1057 1155 1152 1219 nimis
1184 1166 1326 1221 atrocem
1352 1166 1386 1220 et

288 1262 354 1326 0010
366 1261 489 1327 viribus
511 1261 608 1327 nimis
632 1264 752 1326 fretum
770 1271 938 1327 notaverat
953 1263 1118 1348 Didymus
1134 1263 1175 1328 ad
1187 1264 1280 1329 Aiae.
1293 1264 1384 1328 1123.

289 1371 431 1437 eundem
456 1371 566 1459 culpat
586 1372 675 1459 quasi
689 1393 844 1435 vesanum
860 1371 900 1434 ad
913 1396 944 1436 v.
963 1374 1044 1437 1184
1058 1365 1320 1458 ἀπονενοημένον
1340 1373 1383 1438 rol

285 1477 500 1567 <τόῖ>πάντα
513 1477 570 1546 ἐπί
582 1473 672 1566 adop
685 1472 885 1560 ἀνατιθέναι,
897 1506 970 1547 cum
982 1485 1116 1548 Aiacem
1132 1505 1166 1547 se
1178 1483 1380 1570 sepulturum

285 1613 356 1656 0000
381 1591 505 1658 etiamsi
529 1591 638 1655 nullus
662 1592 848 1679 permiserit
869 1595 964 1657 iuret.
1009 1593 1055 1656 sie
1077 1593 1105 1656 ei
1135 1585 1310 1676 ἀλόγιστος
1333 1601 1382 1656 001

285 1695 303 1764 ό
325 1699 494 1785 Ἐτεοκλῆς
516 1701 737 1783 Phocaeus,
770 1701 1007 1786 καταγέλαστος
1031 1697 1048 1765 ό
1073 1696 1169 1779 Αἴας
1195 1701 1383 1782 11100888,

284 1804 425 1892 μάταιος
448 1804 465 1873 ό
486 1803 679 1889 Ταλθύβιος
693 1809 897 1891 11οο11408,
921 1801 1044 1895 εὐήθης
1067 1805 1085 1894 ἡ
1108 1804 1226 1895 Ἑκάβη
1247 1810 1290 1874 11.
1305 1809 1385 1872 1030

286 1927 319 1982 01
341 1940 423 2002 quae
447 1928 521 1982 sunt
544 1917 669 1983 similia.
697 1929 812 1982 eontra
834 1930 897 1981 tam
922 1941 1041 2003 graves
1065 1919 1312 2004 obiurgationes
1333 1919 1383 1982 vi-

285 2029 334 2092 les
356 2038 433 2092 sunt
456 2048 572 2092 causae
595 2026 761 2112 levesque,
795 2049 873 2112 quus
897 2029 978 2092 alter
1002 2028 1176 2093 scholiasta
1198 2051 1256 2117 pro
1284 2038 1381 2114 poeta

287 2146 404 2202 movet.
449 2135 643 2199 vilissimum
678 2146 735 2212 001,
771 2158 835 2220 quo
860 2136 1055 2224 Euripidem
1088 2136 1173 2201 tueri
1207 2136 1316 2201 studet
1343 2135 1384 2199 ad

287 2242 394 2307 Andr.
412 2243 481 2323 733,
505 2242 559 2305 ubi
585 2264 658 2305 eum
680 2237 847 2325 πλάσματι
869 2246 1015 2329 χρῆσθαι
1039 2243 1116 2307 dicit
1139 2245 1171 2307 in
1195 2243 1382 2309 inducendo

286 2354 436 2419 Menelao
463 2353 503 2418 de
527 2354 616 2418 bello
640 2354 920 2442 Peloponnesiaco
952 2354 1128 2437 cogitante.
1177 2376 1240 2417 non
1265 2353 1381 2416 melius

285 2463 452 2528 contendit
472 2460 565 2529 daero
585 2467 645 2528 τοῦ
660 2460 706 2541 είς
724 2455 834 2528 οἶκτον
850 2466 976 2551 κινῆσαι
998 2460 1079 2540 τοδς
1100 2461 1293 2544 θεωμένους
1314 2459 1378 2527 Oc·

286 2573 397 2658 dipum
419 2573 531 2637 dicere
556 2573 589 2636 in
614 2572 904 2654 Ρ1000.1606,00
929 2573 1057 2656 Polybo
1083 2570 1197 2636 servi
1222 2571 1294 2635 loeo
1317 2581 1380 2636 tra·

287 2681 389 2745 ditum
417 2682 527 2766 fnisse,
559 2705 754 2768 quamquam
788 2683 916 2746 1000010
946 2680 986 2745 de
1009 2681 1128 2765 Polybi
1159 2703 1263 2745 uxore
1295 2681 1383 2745 clare

287 2801 476 2854 narraverat
509 2812 539 2854 v,
563 2791 604 2855 30
636 2785 655 2876 ἡ
689 2789 725 2855 δὲ
755 2790 813 2855 τόν
843 2785 921 2873 ἐμόν
953 2781 1079 2854 ιόδίνων
1113 2783 1218 2855 πόνον
1246 2793 1384 2872 μαστοῖς

286 2897 416 2989 ὑφεῖτο,
437 2900 491 2964 καί
514 2893 615 2965 πόσιν
636 2898 752 2964 πείθει
775 2903 891 2964 τεκεῖν.
936 2899 998 2963 100
1021 2907 1215 2983 argumento
1238 2897 1324 2963 idem
1349 2920 1383 2962 00

286 3008 405 3098 prodit,
426 3008 479 3096 qui
505 3008 837 3074 1000101.Α100.815
858 3008 981 3090 prditus
1004 3005 1163 3092 ἐκπλῆξαι
1181 3001 1383 3089 βουλόμενον

286 3117 487 3205 Sophoclem
511 3118 652 3183 1001101
675 3119 776 3202 longe
798 3117 938 3205 plurima
960 3114 1160 3180 defensionis
1183 3113 1380 3179 adminicula

287 3251 329 3292 ex
357 3250 446 3291 more
470 3236 502 3291 et
520 3227 666 3309 ingeniis
686 3248 898 3314 personarum
921 3222 1112 3308 desumpsit,
1134 3223 1304 3308 inquibus
1328 3222 1383 3286 de·

288 3336 463 3423 pingendis
475 3335 649 3424 Euripides
673 3336 753 3400 nihil
767 3345 898 3400 secutus
914 3343 999 3398 esset
1013 3333 1074 3398 nisi
1098 3342 1246 3396 naturam
1268 3333 1379 3396 huma-

285 3469 359 3511 nam
382 3446 629 3530 veritatemque,
652 3443 707 3509 ubi
733 3444 862 3508 sobrius
886 3443 1050 3527 Didymus
1073 3441 1206 3507 absurdi
1232 3442 1306 3527 quid
1329 3443 1384 3506 vel

287 3555 397 3621 stolidi
413 3555 598 3642 repperisse
622 3555 683 3618 sibi
708 3555 796 3618 visus
816 3562 893 3618 erat.
916 3554 976 3616 cfr.
991 3552 1211 3618 schollhiae.
1225 3550 1306 3614 1184
1328 3575 1384 3636 ριγ-

284 3663 360 3730 τέον
391 3651 466 3748 οὖν,
500 3660 553 3729 ότι
582 3659 649 3729 tat
679 3662 910 3752 φιλοστοργίας
936 3655 1043 3725 πάντα
1071 3660 1153 3746 λέγει
1192 3657 1380 3743 ὑπομενεῖν.

285 3776 328 3839 11.
352 3773 412 3838 828
435 3772 548 3858 ρητέον
571 3759 637 3852 οὖν,
659 3767 711 3838 ότι
731 3769 851 3855 ἰδίωμα
873 3774 939 3836 τῶν
961 3765 1154 3856 ἀνθρώπων
1173 3765 1211 3835 ud
1234 3765 1279 3856 μή
1300 3763 1384 3852 βοό-

286 3884 407 3948 λεσθαι
430 3877 511 3960 τούς
533 3877 678 3966 ἐχθροάς
702 3876 937 3966 ἕναβρίνεσθαι
961 3871 1075 3958 αι’·τοῖς
1099 3879 1152 3944 καί
1181 3873 1299 3945 τούτου
1322 3872 1384 3961 μό-

286 4016 343 4057 νον
365 3981 624 4056 ἀντιποιοῦνται.
647 3991 770 4056 Phoen.
787 3990 848 4054 909
861 3989 949 4075 λέγοι
970 3991 998 4055 δ’
1023 3979 1065 4054 ἀν
1085 4013 1144 4071 τις,
1167 3983 1219 4054 ότι
1241 3982 1384 4073 γεννικόν

286 4097 412 4167 dotted
438 4095 624 4187 πρόσωπον
645 4100 699 4166 καί
720 4095 907 4188 φιλόδοξον,
942 4093 989 4176 οἷς
1013 4098 1066 4164 καί
1096 4094 1154 4163 air
1175 4095 1282 4185 ψυχὴν
1303 4120 1384 4181 προ·

287 4210 386 4278 iodea
414 4210 496 4297 ὑπὲρ
518 4203 671 4290 εόκλείας.
717 4212 760 4277 11.
778 4212 839 4276 507
873 4207 959 4296 πρὸς
986 4201 1007 4276 ii
1029 4210 1152 4297 ρνγτέον,
1178 4203 1230 4275 ότι
1249 4208 1384 4295 μίμησιν

286 4312 408 4405 ἀνδρός
429 4312 542 4387 ἀδίκου
566 4320 748 4404 ἐξεικονίζει
772 4316 849 4408 ἡμῖν
870 4317 889 4386 ό
910 4311 1103 4407 Εὐριπίδης,
1125 4318 1198 4386 0110.
1221 4317 1382 4384 10011000
