3000 5176
721 329 779 395 121

286 519 327 585 ib.
351 508 760 604 641--ιοιαίτηνίίιην,
794 518 866 582 οἵαν
894 508 1001 594 οάδεῖς
1032 514 1205 582 πέπονθεν
1233 518 1299 580 τῶν

202 627 388 696 Αἰακιδῶν·
418 628 616 715 παραμυθία
647 621 708 713 γάρ
732 627 801 694 ε’στι
827 622 866 692 τά
889 625 1035 711 μετέχειν
1054 623 1127 692 τινά
1152 630 1219 692 ταῖν
1239 629 1298 692 τοῦ

201 739 311 825 γένους
330 742 396 804 τοῖν
416 731 524 804 attur
545 741 661 804 κακῶν.

286 848 400 932 Antig.
423 851 484 917 955
516 844 635 935 ζεάχθη
663 849 689 914 δ
718 840 895 930 ὄξεχάλωςε
917 842 955 913 τό
980 843 1066 933 ἑξῆς·
1092 840 1213 932 ζεάχθη
1236 870 1298 911 πε-

203 952 321 1041 τρώδει
343 954 570 1046 κατάφρακτος
590 957 623 1023 έν
646 959 770 1043 δεσμηῖ·
799 955 843 1044 μὴ
866 951 952 1021 οὕτω
974 955 1010 1022 δὲ
1032 948 1115 1022 αιῖτδ
1137 951 1327 1038 λάβωμενρ

201 1063 253 1133 ὅτι
275 1068 329 1133 καῖ
354 1064 374 1153 ἦ
396 1059 561 1153 Ἀντιγόνη
583 1059 704 1154 άσεβης
725 1054 806 1133 οάσα
825 1064 1000 1131 πέπονθεν
1023 1060 1108 1149 ὅπερ
1132 1060 1150 1130 ὁ
1173 1056 1298 1150 άσεβης

200 1179 413 1262 Λυκοῦργος·
445 1168 512 1242 ἀλλ’
536 1175 650 1255 άπλιῦς
671 1180 711 1266 τῇ
731 1175 919 1260 παραθέσει
941 1178 1008 1240 ταῖν
1030 1170 1156 1258 ὁμοίων
1181 1175 1297 1239 δυστυ-

200 1290 280 1368 χιοῖν
299 1290 547 1370 παραμυθεῖται
567 1281 628 1371 τήν
649 1280 758 1372 κόρην.

284 1396 339 1463 Αἰ.
362 1397 421 1462 261
445 1391 584 1483 μηδενδς
609 1386 708 1461 άλλου
736 1390 1031 1480 παραπράξαντοςι
1053 1385 1137 1476 οἷον,
1158 1388 1297 1479 μηδενὸς

200 1500 453 1590 συμπράξαντος
485 1506 539 1571 καὶ
571 1499 789 1588 μετασχόντος
814 1506 879 1568 τῶν
911 1497 1172 1589 ἁμαρτημάτων·
1194 1495 1213 1586 ἡ
1234 1494 1296 1585 γάρ
1312 1509 1345 1560 10

201 1615 353 1680 κοινωνία
371 1618 437 1680 ταῖν
457 1608 696 1701 ἁμαρτημάτων
716 1613 808 1702 φέρει
831 1608 903 1678 τινά
923 1610 1147 1695 παραμυθίαν.

286 2082 355 2166 [Ai.
377 2082 440 2148 354
462 2077 551 2165 οἴμ’
578 2078 625 2161 αῖς
647 2079 771 2162 έόικαςτ
795 2079 812 2150 δ
834 2080 932 2171 χοράς
965 2085 1052 2152 ἐστιν
1072 2082 1090 2151 ά
1113 2085 1228 2171 λέγων·
1259 2078 1298 2151 οά

199 2186 258 2276 γάρ
279 2186 443 2273 εάπρεπές
465 2187 526 2277 τήν
551 2191 741 2277 Τέκμησσαν
772 2189 830 2258 τὸν
860 2188 956 2279 λόγον
981 2189 1185 2282 ὑφαρπάζειν
1206 2188 1298 2279 λεγά-

199 2324 297 2383 μενον
319 2297 405 2383 πρὸς
426 2296 484 2364 τδν
504 2295 618 2385 χορόν·
650 2301 683 2366 έν
710 2307 783 2381 ταῖς
804 2298 863 2388 γάρ
892 2295 1104 2390 ἀμφιβολίαις
1125 2305 1192 2368 ταῖν
1213 2327 1298 2388 προ-

200 2403 324 2475 σώπων
344 2410 396 2475 δεῖ
413 2412 472 2474 τοῦ
492 2399 598 2497 η’θους
619 2405 841 2494 στοχάζεσθαι
863 2412 916 2477 καῖ
937 2409 1134 2477 διαστέλλειν
1154 2407 1192 2477 τά
1212 2406 1298 2494 πρό·
1312 2423 1345 2475 15

201 2541 325 2584 σωπον.

285 2628 326 2693 ib.
345 2626 408 2694 485
431 2613 459 2691 τά
480 2627 611 2694 δέσποτ’
635 2624 744 2708 Αῖαςε
771 2625 964 2717 Τεκμήσσης
987 2626 1004 2696 ὁ
1027 2626 1138 2716 λόγος·
1172 2622 1211 2695 οὗ
1233 2625 1296 2715 γάρ

200 2737 252 2802 δεῖ
273 2732 331 2801 τάν
357 2733 455 2820 χορδν
483 2732 634 2822 μηκύνειν
662 2735 720 2803 τάν
741 2735 854 2825 λόγον·
883 2737 998 2824 μικτδς
1017 2739 1053 2806 δέ
1076 2736 1094 2805 ὁ
1117 2734 1229 2826 λόγος·
1258 2738 1296 2804 uri

199 2840 337 2929 μὲνγὰρ
361 2836 462 2909 αάτοιῖ
483 2850 629 2929 γενναῖον
660 2847 714 2912 καὶ
742 2846 932 2930 ἐλευθέριον
952 2843 1006 2913 διά
1027 2847 1085 2934 τὴν
1112 2847 1297 2933 παρρησίαν

198 2955 256 3037 τῆς
278 2948 418 3039 φάσεως,
443 2949 541 3039 δσάλη
562 2952 621 3038 γάρ
645 2950 822 3040 ἐπάναγκες
842 2955 985 3042 γέγονεν·
1017 2951 1055 3022 τό
1079 2956 1114 3022 δέ
1135 2950 1296 3040 συναρμό-
1310 2972 1344 3022 20

199 3063 254 3144 ζον
272 3066 343 3139 τοῖς
366 3066 502 3147 καιροῖς.
534 3062 574 3128 δι’
610 3058 687 3128 ὅλου
717 3064 753 3130 δέ
783 3060 843 3152 την
865 3064 1097 3154 φιλοστοργίαν
1120 3064 1295 3153 ἐμφαῖνον·

198 3171 252 3235 καὶ
272 3165 350 3235 ὅταν
370 3166 411 3235 τά
432 3168 550 3259 ἑαυτῆς
570 3168 763 3262 καταβάλλη,
795 3179 949 3256 τεχνικιῖς
980 3175 1139 3258 ἐπιχειρεῖ
1164 3176 1298 3260 μαλθα-

289 3409 305 3460 7
324 3407 409 3462 schol.
424 3407 504 3474 EMQ
523 3428 542 3478 γ
558 3411 607 3463 113
633 3410 778 3463 καὶταῦτα
806 3413 845 3470 εἰς
868 3416 1050 3481 παραμυθίαν
1072 3410 1120 3464 τοῦ
1144 3415 1295 3464 νεανίσκου.

199 3500 318 3575 πιθανὸς
335 3499 388 3574 γάρ
405 3505 481 3558 ἔστιν
500 3503 515 3557 ὁ
535 3500 689 3577 σύμβουλος
707 3501 774 3560 ὅταν
800 3511 845 3559 καὶ
864 3505 961 3562 ἑαυτὸν
986 3501 1140 3580 λπιδεικνάη
1159 3503 1191 3560 τδι
1210 3501 1295 3577 ὅμοια

199 3593 392 3670 δυστυχήματα
409 3605 541 3669 γενναίως
559 3605 688 3673 φέροντα.

271 3696 304 3747 12
323 3694 435 3759 scholia,
455 3713 525 3763 quae
544 3713 727 3766 personarum
746 3696 974 3750 distributionem
990 3696 1154 3768 respiciunt,
1180 3697 1295 3768 collegit

200 3791 232 3845 G.
251 3790 379 3845 Wolffius
396 3793 416 3846 l.
436 3793 454 3846 l.
475 3812 501 3862 p.
512 3795 563 3848 261
584 3811 642 3863 sqq.
662 3793 775 3848 exhibui
794 3810 827 3846 eu
847 3796 965 3860 tuntum,
988 3812 1057 3862 quae
1076 3794 1230 3849 secuudum
1246 3795 1295 3848 uli-

198 3906 281 3957 quum
303 3889 372 3942 artis
391 3889 528 3943 rationem
546 3908 681 3960 personas
700 3890 911 3958 distribuerent,
942 3908 1109 3960 quamquam
1129 3890 1174 3944 vel
1191 3890 1259 3946 haec
1278 3909 1294 3944 u

197 3985 345 4053 proposito
363 3989 460 4038 nostro
478 3986 682 4055 quodammodo
700 3985 789 4040 aliena
808 3991 896 4041 erant.

273 4082 305 4133 19
324 4087 455 4150 γενναῖον
472 4081 553 4138 RBr.
572 4077 683 4152 γενικόν
701 4083 734 4136 L.

269 4178 305 4228 22
323 4177 360 4230 ib.
379 4179 431 4230 392
451 4178 509 4231 ἐπεὶ
530 4175 576 4230 διά
598 4178 748 4246 (Vsenerus
767 4196 818 4248 pro
838 4176 945 4245 ἐπειδὴ)
972 4180 1019 4246 τῆς
1044 4185 1222 4250 παραμυθίας
1247 4175 1295 4232 σι’νκ

197 4265 319 4338 ἠδυνήθη
338 4267 421 4326 αὐτὸν
438 4279 608 4343 μεταθεῖναι,
635 4273 713 4326 δοκεῖ
734 4274 765 4326 en
782 4268 884 4327 τούτων
900 4269 983 4327 αι’·εὸν
1001 4280 1177 4345 μεταθεῖναι·
1208 4271 1293 4344 κάμοὶ

198 4351 247 4422 οὖν
266 4361 349 4438 εὔχου
367 4365 529 4424 ἀποθανεῖν.
