3000 5176
660 356 719 422 133

578 549 790 623 ΟΜΗΡΙΚΑ

227 722 379 787 Eleeir.1
404 715 626 807 ἀπειρόκαλον
647 723 685 789 τδ
704 722 815 809 λέγειν,
840 718 892 788 ὅτι
905 713 944 788 ὃν
957 716 1085 807 τρόπον
1098 716 1139 785 τά
1157 713 1238 785 κατά

138 831 238 916 μέρος
259 835 319 918 τῆς
338 824 467 919 Ἰθακῆς
488 828 508 919 ἦ
525 823 652 918 Ἀθηνᾶ
670 829 773 915 ἔδειξε
793 835 841 919 τηῖ
852 823 998 899 Ὀδυσσεῖ
1012 831 1050 918 <ν
1063 830 1125 896 344
1137 828 1237 915 εηη.>,

139 938 244 1020 οὕτως
268 939 334 1008 ἔδει
362 943 415 1008 καί
444 939 503 1008 τδν
523 937 731 1028 παιδαγωγόν
751 946 798 1030 τῷ
820 933 949 1030 Ὀρέστῃ
973 942 1086 1023 δεῖξαι·
1111 943 1158 1026 τῷ
1179 938 1238 1022 μὲν

138 1048 196 1137 γδρ
219 1043 393 1136 ἀγνοοῦντι
415 1051 576 1118 δείκνυσιν
596 1050 615 1117 δ
635 1047 852 1138 παιδαγωγός,
877 1054 924 1138 τηῖ
946 1050 982 1116 δὲ
1003 1042 1197 1116 ἀπιστοῦντι
1219 1047 1269 1135 ηδ

137 1153 272 1248 Ἀθηνᾶ.

220 1271 263 1338 ib.
280 1271 342 1336 445
366 1270 600 1356 ἐμασχαλίσθη,
624 1262 710 1337 κάπὶ
730 1265 915 1354 λοότροισιν
936 1265 1037 1354 κόραι
1059 1264 1238 1336 εἰώθεισαν

137 1382 204 1445 ταῖν
225 1378 465 1462 ἀναιρουμένων
494 1377 542 1458 εἷς
572 1379 633 1458 τοῖς
663 1375 807 1467 κεφαλάς
840 1373 1050 1465 ἀπομάσσειν
1077 1375 1118 1444 τά
1148 1378 1236 1467 ξίφη,

139 1484 253 1573 ὥσπερ
276 1482 598 1573 ἀποτροπιαζόμενοι
621 1485 659 1554 τά
683 1484 790 1573 μύσος
812 1485 850 1554 τδ
874 1488 908 1554 ἐν
929 1492 975 1575 τηῖ
998 1484 1102 1577 φόνῳ.
1137 1487 1176 1553 τδ
1202 1486 1237 1554 δὲ

135 1590 308 1682 (ἐξέμαξεά
332 1598 387 1664 ἐπὶ
417 1602 480 1663 τοῦ
500 1597 744 1684 Ἀγαμέμνονος,
778 1591 815 1677 ὃς
837 1597 1062 1685 ἐμασχαλίσθη
1085 1594 1154 1663 uiui
1178 1601 1239 1683 τῆς
1251 1608 1285 1657 10

139 1702 442 1793 Κλυταιμνήστρας,’
459 1707 511 1771 καὶ
532 1702 571 1771 τδ
593 1703 675 1792 κάρα
696 1699 796 1773 αάτοῦ
817 1704 876 1785 τὰς
890 1708 1023 1793 κηλῖδας
1040 1701 1166 1772 τούτων
1179 1701 1237 1784 τὰς

137 1814 193 1881 ἐπὶ
214 1819 261 1903 τῷ
285 1811 377 1905 φόνῳ
402 1813 560 1899 ἐξέμαξεν.
604 1807 647 1881 ου’
678 1817 730 1882 δεῖ
758 1816 794 1882 δὲ
816 1815 998 1904 διαφωνίαν
1020 1816 1131 1881 δοκεῖν
1154 1807 1236 1880 εἶναι

137 1920 224 2009 πρδς
243 1920 301 1991 τδν
324 1920 475 2010 Ὅμηρον,
499 1924 573 1989 ἐπεί
593 1950 693 2013 φησιν
719 1926 759 2011 <δ
780 1925 863 2011 535>
887 1921 1022 1991 (ἔκτεινε
1056 1922 1235 2006 δειπνίσας,

137 2029 182 2112 αῖς
200 2034 250 2112 τίς
268 2059 304 2100 τε
325 2034 497 2099 κατέκτανε
513 2038 599 2117 βοῦν
621 2035 676 2101 ἐπί
697 2027 823 2125 φάτνη’.
846 2026 936 2124 ἤρκει
950 2029 1008 2120 γάρ
1023 2030 1063 2099 τά
1078 2030 1141 2100 δ’λα
1155 2058 1237 2117 συμ-

138 2149 262 2232 φωνεῖν
284 2147 331 2231 τῷ
354 2140 528 2230 πράγματι·
551 2141 592 2210 τά
613 2141 672 2230 γάρ
688 2141 770 2210 κατά
784 2144 884 2231 μέρος
902 2144 1051 2227 ἐξουσίαν
1074 2141 1140 2225 ἔχει
1162 2142 1237 2209 iuu—
1251 2157 1283 2208 15

136 2277 214 2333 στος
238 2249 283 2332 ιδς
304 2249 461 2336 βούλεται
484 2248 815 2340 πραγματεύσασθαι,
839 2252 868 2321 εἰ
888 2248 934 2341 μη
958 2249 996 2320 τδ
1018 2257 1085 2319 πᾶν
1104 2248 1235 2342 βλάπτῃ

137 2366 195 2450 τῆς
218 2359 425 2442 ὑποθέσεως.

227 2552 244 2602 2
263 2549 298 2603 de
316 2550 359 2603 his
377 2549 452 2604 notis
470 2550 535 2605 vide
554 2567 624 2620 quae
643 2568 669 2619 p.
682 2553 716 2604 68
729 2568 768 2619 sq.
789 2549 937 2620 disputavi.

210 2648 243 2699 16
263 2646 448 2701 Phoen.1710
466 2648 505 2700 ἴθ’
519 2650 557 2707 εἰς
570 2641 677 2720 φυγάνε
696 2644 742 2700 διὰ
760 2647 816 2718 μὲν
831 2648 879 2700 τοῦ
895 2642 960 2716 (ἐγώ
972 2663 1028 2718 σφε
1041 2640 1135 2715 θάιγσί
1150 2651 1235 2716 σπέρ-

137 2762 212 2812 ματα
230 2744 262 2816 τῇ
278 2746 455 2814 Σοφοκλέους
474 2739 612 2816 Ἀντιγόνη
632 2748 764 2815 παρέσχε,
793 2741 839 2796 διά
870 2744 901 2797 δὲ
924 2744 970 2796 τοῦ
994 2737 1109 2815 φεάγειν
1131 2745 1170 2813 τῷ
1189 2743 1236 2796 ἐπὶ

139 2839 260 2908 Κολωνῷ
280 2841 418 2894 Οἰδίποδι.
457 2838 494 2899 ὠς
518 2835 660 2908 βούλονται
684 2840 737 2911 γάρ
760 2842 934 2911 σίκυνομοῦσι
955 2838 987 2893 τά
1012 2835 1147 2912 δράματα,
1167 2857 1235 2910 quae

135 2940 211 2991 recte
231 2936 353 3004 explieat
374 2936 473 2992 Matth.
504 2945 554 2992 etsi
572 2944 634 3006 fieri
654 2960 705 2992 κσκ
725 2949 840 3008 γυίοισι,
859 2949 889 2991 ιιι
909 2941 1041 3007 Αιιίῖροαο
1061 2950 1085 2992 et
1107 2941 1235 3009 sepeliret

137 3036 283 3103 Polynicen
303 3046 327 3088 et
346 3046 450 3104 putrem
471 3039 500 3088 in
521 3039 631 3089 exilium
652 3049 815 3105 sequeretur,
841 3040 985 3107 Sophocles
1007 3048 1095 3090 temen
1122 3041 1150 3090 in
1170 3039 1235 3090 διιο-

136 3133 182 3183 ius
201 3133 301 3197 fabulis
324 3133 473 3200 Ακιίηοκοκ
492 3144 516 3184 τί
536 3135 583 3184 hoe
606 3144 630 3185 et
652 3134 722 3185 illud
740 3136 884 3200 facientem
903 3135 1023 3186 inducit:
1039 3146 1135 3204 poetae
1155 3139 1234 3200 enim,

135 3240 214 3294 prout
237 3230 310 3290 libet,
329 3231 483 3295 fabularum
504 3241 688 3299 urpumeutum
710 3233 882 3282 constituunt.
903 3229 978 3298 quod
998 3229 1147 3299 Sophocles
1168 3230 1235 3283 duo·

134 3323 187 3376 bus
206 3321 339 3376 dramatis
358 3321 475 3392 adeptus
494 3327 544 3386 esi,
565 3327 597 3378 ui
616 3323 758 3393 duplicem
776 3324 885 3378 seilicet
905 3325 939 3378 de
951 3323 1092 3394 Antigona
1109 3326 1235 3395 mythum

136 3422 268 3481 servaret,
288 3419 438 3488 Euripides
457 3431 514 3474 uno
536 3423 651 3475 conatu·
672 3426 715 3475 esi
734 3421 861 3491 adipisci,
881 3438 937 3475 non
948 3422 1173 3477 animadvertens
1188 3442 1233 3479 res

136 3531 199 3568 eum
215 3514 312 3582 mytho
331 3515 527 3583 conspirantes
545 3515 573 3568 in
592 3533 648 3569 uno
668 3516 794 3570 dramate
814 3517 889 3570 inter
908 3534 937 3570 se
948 3535 1113 3588 repugnare.
1135 3518 1169 3573 de
1181 3520 1233 3574 hae

137 3615 322 3684 repugnantia
340 3619 436 3669 monet
455 3615 604 3670 scholiasta
614 3616 649 3669 ad
659 3634 684 3670 v.
699 3617 766 3670 1692
787 3613 818 3670 οὐ
836 3623 911 3686 τηρεῖ
929 3613 959 3670 τὸ
980 3611 1142 3689 σύμφωνον,
1166 3616 1233 3672 ἀλλὰ

136 3709 252 3765 κατὰτὸ
273 3713 367 3782 δρᾶμα
387 3712 576 3779 (scribendum
595 3714 720 3784 πρᾶγμα,
751 3718 784 3767 ut
805 3730 890 3783 supra
915 3711 1021 3768 dictum
1038 3711 1070 3767 τά
1094 3711 1144 3768 ὅλα
1165 3733 1233 3787 συμ-

137 3816 241 3882 φωνεῖν
255 3811 292 3880 uqi
312 3804 464 3881 πράγματι)
484 3809 651 3865 ὑποτίθεται.
671 3812 730 3870 πῶς
747 3808 800 3881 γάρ
819 3804 906 3878 θάψει
928 3804 1095 3880 ἡΆντιγόνη
1107 3808 1160 3865 ’τὸν
1173 3818 1233 3864 Πο-

136 3908 267 3972 λυνείκην,
286 3901 352 3972 αίπίγ
372 3901 571 3978 συμφεύγουσιν
590 3909 628 3976 τῷ
648 3913 732 3976 πατρί
737 3930 745 3973 ,·
763 3901 903 3970 πλεονάζει
924 3906 955 3960 δὲ
973 3901 1083 3975 τοιούτῳ
1104 3907 1170 3960 εῖδει
1180 3905 1234 3960 Ei-

136 4003 251 4074 ριπίδης.
272 4003 387 4056 aiteram
409 3999 597 4075 ἀσυμφωνίαν
614 4003 745 4072 Euripidi
763 4004 919 4072 exprobrat
939 4002 1089 4059 scholiasta
1107 4002 1143 4056 ad
1161 4021 1185 4058 v.
1198 4007 1230 4056 71

135 4083 212 4158 οὗτος
230 4096 245 4151 ὁ
265 4092 350 4157 τόπος
371 4102 408 4157 εἰς
427 4095 613 4170 ἀσυμφωνίαν
631 4094 689 4169 άγει
709 4095 740 4152 τὸ
760 4099 861 4170 δράμα.
881 4100 937 4153 ἔδει
955 4097 1008 4168 γάρ
1026 4099 1149 4159 ἐξέλασιν
1166 4097 1232 4153 διιο-

136 4198 240 4248 θέσθαι
260 4196 307 4247 τοῦ
316 4197 498 4254 Πολυνείκους
516 4199 561 4250 ἵνα
578 4193 623 4248 διά
642 4196 697 4248 τῶν
715 4195 775 4261 ἑξῆς
793 4189 910 4254 δεόντως
928 4199 1001 4265 λέγοι
1021 4192 1098 4248 ’ποτὲ
1117 4196 1172 4265 μὲν
1188 4196 1231 4249 ἐπ’

135 4282 209 4362 ἦμαρ
220 4291 303 4361 εἶχον,
319 4290 365 4344 εἶτ’
376 4288 425 4345 οὐκ
436 4288 517 4363 εἶχον’
529 4295 564 4360 (v.
576 4294 646 4358 401).
670 4296 694 4345 ei
706 4290 759 4362 γὰρ
771 4285 893 4359 ἀλλήλοις
907 4287 1091 4363 ὑπεχώρησαν
1108 4289 1233 4346 ἐνιαυτὸν

136 4388 200 4458 παρ’
212 4382 449 4460 ἐνιαυτὸνάργειν,
470 4383 578 4448 πόντιος
596 4393 641 4441 καὶ
660 4386 692 4442 τά
710 4383 849 4454 ἐπιτήδεια
866 4385 1043 4462 ίιιεφέρετοὸ
1059 4391 1232 4454 Πολυνείκης.
