3000 5176
634 311 674 376 29

109 494 294 582 priusquam
319 494 457 578 vestigia
477 514 666 581 persequar,
692 495 827 579 quaein
851 493 995 559 scholiis
1009 494 1204 581 Aristopha-

107 623 187 669 neae
211 602 616 691 disciplinaoappareant,
640 626 694 667 eos
718 604 805 669 viros
827 604 928 669 verbo
953 613 1096 690 tangam,
1123 627 1202 688 quos

106 723 180 777 autc
206 712 461 799 Aristophanem
485 713 722 801 hypothesibus
746 713 959 779 conficiendis
981 735 1113 801 operam
1146 713 1204 777 de-

109 821 194 885 disse
217 822 292 887 inde
318 832 454 905 constat,
478 823 564 907 quod
596 845 709 888 eornm
732 824 853 888 mentio
877 824 913 888 fit
935 823 969 887 in
991 823 1204 909 argumentis.

207 931 260 997 De
286 931 449 997 Glauco
481 931 566 998 Rhe
579 932 697 1017 gino,
729 931 782 1016 qui
814 931 847 995 in
874 942 1066 1016 argumento
1092 931 1204 995 Persa-

107 1062 178 1104 rum
213 1049 485 1105 commemoratur
521 1039 647 1117 ἐντοῖς
679 1040 755 1124 περὶ
779 1034 948 1122 Αἰσχύλου
971 1035 1101 1124 μύθων,
1123 1039 1205 1105 nihil

107 1146 185 1211 certi
209 1158 258 1212 est
281 1147 446 1229 traditum,
471 1147 558 1212 unde
574 1148 732 1231 cognosci
758 1148 871 1234 possit,
895 1158 1048 1232 quantum
1073 1170 1113 1212 ex
1135 1148 1205 1212 eius

107 1255 192 1322 libro
227 1255 304 1340 περὶ
336 1248 479 1340 ἀρχαίων
508 1259 657 1341 ποιητῶν
681 1279 716 1321 τε
746 1257 799 1321 καὶ
829 1260 996 1339 μουσικῶν
1022 1257 1205 1342 conscripto

110 1364 347 1454 Aristophanes
370 1366 400 1432 in
422 1389 516 1430 nsum
542 1389 634 1430 suum
659 1367 869 1431 converterit.

206 1473 320 1538 Paullo
346 1476 486 1550 certius,
526 1497 623 1559 quam
648 1475 753 1538 adhuc
775 1474 895 1538 factum
920 1484 978 1555 est,
1009 1472 1205 1537 adumbrare

108 1604 202 1671 posse
227 1582 302 1647 mihi
325 1584 452 1667 videor,
476 1607 561 1668 quae
588 1584 670 1650 ratio
694 1584 779 1648 inter
800 1581 1057 1649 Dicaearchi
1079 1583 1206 1647 Aristo-

109 1692 289 1780 phanisque
313 1693 534 1757 intercesserit
556 1703 758 1776 argumenta.
788 1691 1000 1774 Dicaearcho,
1024 1713 1120 1776 quem
1146 1691 1205 1776 hy·

111 1803 264 1890 potheses
294 1802 473 1868 confecisse
503 1802 659 1867 disertum
694 1811 782 1866 extat
805 1800 899 1868 Sexti
929 1800 1085 1889 Empiriei
1118 1800 1207 1865 testi-

109 1914 253 1978 monium
279 1912 351 1977 adv.
378 1913 475 1976 math.
498 1936 529 2000 p.
541 1912 600 1976 697
633 1911 737 1976 Beklr.
760 1907 925 1988 ὑπόθεσις
952 1910 1126 1991 πολλαχῶς
1147 1907 1208 1992 μὲν

108 2021 162 2088 καὶ
182 2011 289 2100 ῶλλιος
309 2015 585 2107 προσαγορεύεται
613 2071 746 2085 .....
776 2022 852 2085 καθ’
877 2019 933 2085 ἕνα
959 2019 1018 2103 μὲν
1039 2013 1165 2103 τρόπον
1188 2014 1206 2104 ἦ

110 2128 288 2218 decurratur)
310 2128 512 2215 περιπέτεια,
537 2127 625 2194 καθὸ
644 2129 697 2194 καὶ
716 2125 867 2215 τραγικῶν
884 2130 938 2195 καὶ
959 2124 1103 2215 κωμικὴν
1124 2122 1209 2194 ὑπό-

109 2245 208 2306 θεσιν
226 2239 361 2325 λέγομεν
385 2239 439 2304 καὶ
462 2233 722 2322 Δικαιάρχου
744 2233 834 2316 τινας
856 2233 1036 2316 ὑποθέσεις
1056 2241 1122 2301 τῶν
1143 2228 1206 2301 Eri-

110 2346 243 2431 ριπίδσν
263 2348 318 2413 καὶ
340 2347 547 2438 Σοφοκλέους
568 2343 696 2431 μύθων,
720 2347 754 2409 in
779 2347 892 2411 codice
915 2347 1109 2413 Florentino
1130 2346 1205 2432 plu-

111 2459 153 2524 tei
169 2459 303 2525 XXXII
328 2460 394 2524 n?
417 2459 480 2523 duo
503 2467 696 2545 argumenta
722 2458 909 2522 tribuuntur
929 2455 1066 2521 Medeae
1091 2466 1123 2521 et
1148 2456 1204 2519 Al-

112 2567 254 2634 cestidis.
300 2576 332 2631 at
356 2566 396 2630 de
419 2567 530 2656 priore
548 2567 693 2632 sublesta
713 2568 749 2632 lit
770 2562 852 2631 fides
875 2565 961 2648 libri,
983 2589 1054 2630 eum
1080 2565 1204 2652 inipso

108 2687 301 2764 argumento
325 2675 365 2738 ad
390 2677 488 2741 finem
504 2676 727 2743 Dicaearchus
749 2699 812 2739 una
837 2698 908 2740 cum
932 2675 1110 2740 Aristotele
1133 2675 1200 2739 lau·

110 2787 215 2852 detur.
244 2806 345 2870 quare
368 2785 421 2870 qui
434 2785 674 2850 Dicaearchum
695 2796 862 2849 auctorem
885 2786 1009 2850 servari
1033 2786 1114 2870 vult,
1135 2807 1208 2849 cum

109 2896 282 2962 Dindorfio
315 2906 458 2960 statuere
491 2895 607 2976 debet,
639 2895 715 2960 inde
750 2922 768 2960 a
794 2896 904 2960 verbis
925 2890 963 2959 τὸ
988 2895 1095 2978 δρᾶμα
1117 2895 1210 2959 δοκεῖ

112 3007 259 3091 (votlss
282 3007 352 3094 pr,
371 3007 422 3087 tl)
454 3005 588 3070 alterius
621 3004 823 3090 grammatici
857 3005 1002 3093 incipere
1028 3003 1205 3092 expositio·

110 3139 195 3182 nem.
240 3139 321 3204 quac
337 3115 542 3182 Dicaearcho
560 3114 793 3200 relinquuntur
813 3124 944 3201 praeter
967 3115 1208 3181 enarrationem

109 3222 238 3288 fabulae
272 3233 322 3289 sat
345 3222 550 3310 perspicuam
582 3231 614 3286 et
644 3220 807 3285 concisam
841 3221 1082 3286 observationes
1104 3221 1207 3286 conti-

111 3342 189 3397 nent
212 3330 253 3395 de
274 3332 389 3416 mytho
412 3329 547 3395 Medeae
571 3340 603 3395 ct
625 3330 752 3394 Iasonis
787 3355 804 3395 a
828 3331 925 3394 variis
950 3331 1055 3418 poetis
1078 3330 1208 3394 histori-

110 3440 223 3526 cisqne
246 3441 335 3505 vario
367 3440 463 3505 modo
498 3441 612 3504 relato.
665 3442 809 3525 cpoetis
834 3441 1043 3505 nominantur
1068 3439 1208 3509 Simoni·

111 3548 178 3627 des,
203 3548 257 3632 qui
280 3544 416 3628 νόστους
437 3550 580 3636 scripsit,
603 3550 802 3635 Aeschylus,
835 3572 876 3616 ex
899 3549 1060 3615 historicis
1083 3549 1209 3614 Phere-

111 3657 214 3743 cydes
239 3658 430 3744 Staphylus.
486 3657 665 3724 Alcestidis
688 3669 917 3744 argumentum
942 3659 1127 3723 nonhabet
1152 3680 1209 3720 eur

111 3767 306 3831 Dicaearchi
335 3767 560 3832 auctoritatem
594 3768 628 3831 in
661 3768 875 3855 suspitionem
906 3790 1068 3832 vocemus.
1122 3766 1210 3851 quod
1276 3810 1277 3814 ,

112 3897 185 3939 curn
207 3875 288 3940 nihil
315 3878 480 3941 contineat
510 3877 571 3941 nisi
606 3877 844 3942 enarrationem
876 3858 1007 3944 fabulae
1029 3902 1095 3943 non
1117 3879 1207 3944 dissi-

111 3982 220 4047 milem
246 3984 376 4072 quidem
400 3985 504 4066 alteri,
534 3985 575 4049 de
607 3986 719 4051 indole
745 3988 977 4075 hypothesium
1009 3989 1209 4054 aDicaear-

112 4093 173 4157 eho
190 4094 413 4159 confectarum
429 4095 642 4180 materiisque
659 4097 699 4162 ab
724 4118 761 4161 co
779 4098 923 4162 tractatis
939 4099 1012 4161 novi
1032 4097 1208 4182 quidquam

110 4201 186 4265 inde
210 4224 277 4267 non
300 4203 509 4290 percipimus.
565 4214 616 4270 ter
645 4217 816 4293 praeterea
847 4215 1117 4271 commemoratur
1148 4208 1206 4272 Di·

109 4317 286 4381 caearchus
305 4317 339 4380 in
359 4318 559 4401 argumentis
579 4319 832 4404 tragoediarum,
853 4321 954 4385 semel
979 4321 1011 4384 iu
1026 4321 1205 4409 hypothesi
