3000 5176
663 344 703 405 85

235 528 293 593 Est
314 529 415 613 igitur
439 549 564 592 summa
580 548 692 591 eorum
709 548 791 614 quae
807 528 976 613 hucusque
994 527 1229 614 disputavimus

135 637 231 703 haec:
254 638 287 701 in
310 636 453 718 scholiiS,
476 657 558 721 quae
581 644 757 722 supersunt
778 627 812 698 in
836 644 1006 723 poetarum
1026 636 1228 721 tragicorum

134 744 260 810 fabulas
295 755 328 810 et
361 746 394 808 in
416 744 553 809 Homeri
587 743 729 808 carmina
762 744 958 832 conscripta,
984 743 1229 809 observationes

134 854 345 920 inveniuntur
362 855 401 919 ad
425 864 526 918 artem
549 853 706 940 poeticam
729 862 914 941 spectantes
938 835 1074 919 numero
1095 875 1227 939 paucae,

136 986 270 1049 quarum
294 964 417 1028 alterae
442 963 649 1027 consentiant
679 985 752 1026 cum
776 961 968 1027 Aristotelis
997 962 1037 1025 de
1060 970 1129 1025 arte
1153 982 1228 1048 poe·

135 1074 197 1138 tica
220 1073 414 1161 praeceptis,
443 1073 564 1136 alterae
588 1093 630 1136 cx
661 1071 740 1158 ipsis
770 1071 839 1135 eins
872 1070 1057 1157 praeceptis
1084 1069 1230 1155 pendere

135 1182 316 1247 videantur.
338 1182 460 1270 primns
481 1184 567 1246 inter
588 1181 828 1266 grammaticos,
860 1179 900 1243 ad
932 1202 1027 1264 quem
1052 1178 1149 1244 certis
1172 1202 1231 1244 ve-

138 1291 243 1376 stigiis
274 1291 431 1375 ducimur,
466 1291 704 1378 Aristophanes
729 1273 906 1374 Byzantius
929 1290 970 1354 de
992 1300 1061 1353 arte
1085 1313 1102 1352 a
1125 1289 1229 1377 pectis

138 1400 268 1485 tragicis
284 1401 315 1465 in
332 1399 565 1486 componendis
581 1399 696 1465 fabulis
720 1398 865 1463 adhibita
883 1399 1076 1464 observavit.
1098 1409 1229 1487 practer
1268 1462 1269 1465 ,

137 1509 266 1594 singula
288 1509 407 1573 iudicia
431 1510 464 1574 in
488 1509 690 1591 argumentis
712 1518 837 1573 servata
863 1508 932 1571 cius
959 1506 1166 1595 disciplinam
1189 1507 1227 1570 il·

135 1620 272 1683 lustrant
296 1619 329 1682 in
349 1618 482 1684 scholiis
498 1611 683 1705 Euripideis
706 1617 806 1703 ipsius
822 1617 1061 1703 Aristophanis,
1081 1617 1113 1680 in
1137 1616 1229 1681 scho-

134 1727 187 1791 liis
209 1727 408 1813 Acschylcis
423 1725 684 1811 Sophocleisque
697 1725 834 1810 Didymi
859 1705 1102 1789 observationes
1127 1733 1158 1788 et
1181 1746 1230 1788 re-

136 1858 207 1901 rum
230 1836 464 1922 explicatarum
488 1846 600 1899 natura
623 1844 655 1898 ct
676 1834 806 1899 dicendi
830 1854 952 1917 gonere
977 1832 1230 1920 Aristophancis

134 1945 328 2012 simillimae.
351 1968 392 2009 cx
406 1944 541 2032 Didymi
557 1945 659 2031 copiis
672 1944 777 2008 hausit
797 1943 963 2007 recentior
985 1930 1229 2028 grammaticus,

135 2056 189 2141 qui
213 2053 247 2118 in
268 2055 381 2141 paucis
405 2052 668 2118 observationum
692 2052 869 2137 generibus
894 2052 980 2116 vires
998 2074 1072 2114 snas
1094 2072 1228 2115 exerce·

134 2174 194 2246 ret,
231 2162 342 2228 iudicii
379 2161 593 2248 perversitate
628 2182 693 2224 non
726 2159 831 2224 minus
865 2182 962 2245 quam
987 2158 1228 2224 verbositatea

135 2272 279 2357 Didymo
311 2272 468 2335 divorsus.
514 2293 588 2334 cum
626 2270 676 2334 his
709 2268 991 2334 observationibus
1022 2266 1230 2332 consentiunt

135 2405 216 2467 quae
238 2382 277 2447 dc
298 2392 367 2445 arto
388 2381 514 2467 poetica
540 2380 574 2443 in
597 2379 727 2444 scholiis
751 2377 937 2444 Homericis
962 2377 1168 2463 disputantur
1191 2397 1229 2440 eo

134 2490 347 2577 potissimum,
371 2489 457 2574 quod
471 2489 655 2553 auctoribus
675 2498 822 2553 notarum
847 2488 987 2569 illarum,
1009 2484 1180 2552 Aristoteli
1197 2494 1229 2548 et

136 2599 331 2687 Porphyrio,
355 2597 495 2661 carmina
513 2597 688 2662 Homerica
714 2608 788 2661 snut
810 2619 869 2684 pro
894 2594 1083 2680 tragoediis.
1107 2604 1139 2660 et
1163 2595 1229 2658 cla-

134 2709 199 2772 rius
219 2707 350 2794 quidem
370 2707 495 2771 scholia
519 2706 694 2770 Homerica
705 2704 895 2787 Aristotelis
918 2705 1098 2784 doctrinam
1121 2725 1229 2767 scrva·

134 2828 218 2899 runt,
241 2816 393 2902 quoniam
410 2815 625 2902 Porphyrius,
648 2815 718 2902 ipsc
741 2815 965 2902 philosophus,
988 2813 1021 2877 in
1035 2812 1226 2900 disputatio-

134 2950 191 2991 nes
213 2950 286 2990 snas
309 2926 436 3010 intcgra
460 2925 664 3010 problemata
689 2924 864 2988 Homerica
887 2922 1023 3010 recepit,
1059 2943 1139 3008 quae
1168 2919 1229 2984 nisi

133 3035 232 3120 ipsius
265 3034 469 3116 Aristotelis,
500 3044 590 3098 certe
621 3034 806 3122 philosophi
834 3042 920 3114 sunt,
954 3031 1008 3117 qni
1041 3030 1230 3096 Aristotelis

136 3154 309 3232 praecepta
330 3154 363 3208 ct
384 3153 572 3231 aporemata
592 3143 626 3205 in
649 3153 801 3230 promptu
825 3140 973 3205 habuerit
997 3150 1029 3204 et
1049 3150 1231 3215 numerate.

134 3361 175 3402 ata
187 3360 345 3408 narrantur,
363 3350 398 3399 ad
410 3351 554 3400 ‹liserirnea
573 3349 704 3416 perducta
720 3346 867 3409 comoedia,
886 3345 1056 3414 praestrusit
1075 3343 1110 3394 ad
1129 3345 1229 3394 callum

133 3449 251 3513 theodae.
270 3444 394 3496 intanto
413 3461 549 3497 consensu
570 3443 715 3495 notionum
735 3440 867 3494 materias
889 3439 975 3492 ctiam
993 3456 1063 3507 quae
1083 3456 1100 3490 a
1119 3438 1230 3490 Donato

134 3544 295 3594 tractantur
314 3540 418 3593 similes
438 3556 498 3592 esso
520 3557 623 3599 earum,
643 3555 711 3606 quas
730 3537 759 3590 in
781 3535 893 3591 scholiis
905 3535 1013 3605 graecis
1029 3534 1155 3588 videmus
1175 3537 1232 3586 tra-

135 3641 234 3696 ctatas,
254 3635 302 3690 vix?
319 3642 362 3691 cst
380 3638 454 3705 quod
473 3654 608 3690 moneam.
627 3636 663 3689 ad
682 3635 880 3689 declarandam
898 3633 970 3686 hanc
988 3648 1081 3685 rerum
1101 3630 1229 3684 similitu-

135 3733 226 3788 dinem
255 3734 284 3786 in
304 3733 468 3787 collectione
492 3732 673 3800 reliquiarum
701 3730 813 3784 scholiis
843 3729 950 3800 graccis
979 3727 1023 3780 hic
1047 3726 1105 3780 illic
1127 3726 1229 3780 Donati

135 3830 345 3884 observationes
364 3829 501 3882 subiunxi.
