<?xml version="1.0" encoding="UTF-8"?>
<!DOCTYPE html PUBLIC "-//W3C//DTD XHTML 1.0 Transitional//EN"
    "http://www.w3.org/TR/xhtml1/DTD/xhtml1-transitional.dtd">
<html xmlns="http://www.w3.org/1999/xhtml" xml:lang="en" lang="en">
 <head>
  <title>
</title>
<meta http-equiv="Content-Type" content="text/html;charset=utf-8" />
  <meta name='ocr-system' content='tesseract 3.04.00' />
  <meta name='ocr-capabilities' content='ocr_page ocr_carea ocr_par ocr_line ocrx_word'/>
</head>
<body>
  <div class='ocr_page' id='page_1' title='image "./grammaticorvmgr00trengoog_0033.png"; bbox 0 0 3000 5176; ppageno 0'>
   <div class='ocr_carea' id='block_1_1' title="bbox 714 308 756 371">
    <p class='ocr_par' dir='ltr' id='par_1_1' title="bbox 714 308 756 371">
     <span class='ocr_line' id='line_1_1' title="bbox 714 308 756 371; baseline -0.024 0"><span class='ocrx_word' id='word_1_1' title='bbox 714 308 756 371; x_wconf 75' lang='lat'><strong>20</strong></span> 
     </span>
    </p>
   </div>
   <div class='ocr_carea' id='block_1_2' title="bbox 90 488 1361 3740">
    <p class='ocr_par' dir='ltr' id='par_1_2' title="bbox 90 488 1361 3740">
     <span class='ocr_line' id='line_1_2' title="bbox 288 488 1285 577; baseline -0.006 -18"><span class='ocrx_word' id='word_1_2' title='bbox 288 493 341 559; x_wconf 83' lang='lat' dir='ltr'><strong>Ex</strong></span> <span class='ocrx_word' id='word_1_3' title='bbox 363 491 500 574; x_wconf 88' lang='lat' dir='ltr'><strong>ratione,</strong></span> <span class='ocrx_word' id='word_1_4' title='bbox 523 511 606 576; x_wconf 89' lang='lat' dir='ltr'><strong>quae</strong></span> <span class='ocrx_word' id='word_1_5' title='bbox 637 490 722 554; x_wconf 90' lang='lat' dir='ltr'><strong>inter</strong></span> <span class='ocrx_word' id='word_1_6' title='bbox 752 488 898 575; x_wconf 89' lang='lat' dir='ltr'><strong>singulas</strong></span> <span class='ocrx_word' id='word_1_7' title='bbox 920 499 1187 576; x_wconf 90' lang='lat' dir='ltr'><strong>argumentorum</strong></span> <span class='ocrx_word' id='word_1_8' title='bbox 1213 512 1285 577; x_wconf 90' lang='lat' dir='ltr'><strong>par·</strong></span> 
     </span>
     <span class='ocr_line' id='line_1_3' title="bbox 187 598 1361 686; baseline -0.004 -19"><span class='ocrx_word' id='word_1_9' title='bbox 187 613 236 668; x_wconf 89' lang='lat' dir='ltr'><strong>tes</strong></span> <span class='ocrx_word' id='word_1_10' title='bbox 259 601 442 684; x_wconf 82' lang='lat' dir='ltr'><strong>intercedit,</strong></span> <span class='ocrx_word' id='word_1_11' title='bbox 464 601 497 666; x_wconf 90' lang='lat' dir='ltr'><strong>in</strong></span> <span class='ocrx_word' id='word_1_12' title='bbox 519 599 709 664; x_wconf 88' lang='lat' dir='ltr'><strong>universum</strong></span> <span class='ocrx_word' id='word_1_13' title='bbox 740 601 878 663; x_wconf 86' lang='lat' dir='ltr'><strong>fortasse</strong></span> <span class='ocrx_word' id='word_1_14' title='bbox 909 598 1069 683; x_wconf 81' lang='lat' dir='ltr'>colligere</span> <span class='ocrx_word' id='word_1_15' title='bbox 1098 598 1186 681; x_wconf 87' lang='lat' dir='ltr'><strong>licet,</strong></span> <span class='ocrx_word' id='word_1_16' title='bbox 1220 621 1283 686; x_wconf 92' lang='lat' dir='ltr'><strong>quo</strong></span> <span class='ocrx_word' id='word_1_17' title='bbox 1351 669 1361 675; x_wconf 44' lang='grc'>,</span> 
     </span>
     <span class='ocr_line' id='line_1_4' title="bbox 187 707 1283 796; baseline -0.005 -19"><span class='ocrx_word' id='word_1_18' title='bbox 187 711 324 777; x_wconf 88' lang='lat' dir='ltr'><strong>oonsilio</strong></span> <span class='ocrx_word' id='word_1_19' title='bbox 348 722 380 777; x_wconf 91' lang='lat' dir='ltr'><strong>et</strong></span> <span class='ocrx_word' id='word_1_20' title='bbox 402 733 497 796; x_wconf 88' lang='lat' dir='ltr'><strong>quem</strong></span> <span class='ocrx_word' id='word_1_21' title='bbox 530 710 560 774; x_wconf 90' lang='lat' dir='ltr'><strong>in</strong></span> <span class='ocrx_word' id='word_1_22' title='bbox 592 709 691 773; x_wconf 86' lang='lat' dir='ltr'><strong>finem</strong></span> <span class='ocrx_word' id='word_1_23' title='bbox 721 707 881 793; x_wconf 91' lang='lat' dir='ltr'><strong>sequioris</strong></span> <span class='ocrx_word' id='word_1_24' title='bbox 913 709 984 773; x_wconf 87' lang='lat' dir='ltr'><strong>aovi</strong></span> <span class='ocrx_word' id='word_1_25' title='bbox 1007 709 1211 793; x_wconf 88' lang='lat' dir='ltr'><strong>grammatici</strong></span> <span class='ocrx_word' id='word_1_26' title='bbox 1234 708 1283 774; x_wconf 93' lang='lat' dir='ltr'><strong>usi</strong></span> 
     </span>
     <span class='ocr_line' id='line_1_5' title="bbox 187 817 1285 906; baseline -0.005 -21"><span class='ocrx_word' id='word_1_27' title='bbox 187 820 251 886; x_wconf 91' lang='lat' dir='ltr'><strong>sint</strong></span> <span class='ocrx_word' id='word_1_28' title='bbox 272 820 505 906; x_wconf 82' lang='lat' dir='ltr'><strong>Aristophanis</strong></span> <span class='ocrx_word' id='word_1_29' title='bbox 538 817 750 904; x_wconf 77' lang='lat' dir='ltr'><strong>argumentis.</strong></span> <span class='ocrx_word' id='word_1_30' title='bbox 805 838 887 902; x_wconf 87' lang='lat' dir='ltr'><strong>quae</strong></span> <span class='ocrx_word' id='word_1_31' title='bbox 918 841 991 881; x_wconf 87' lang='lat' dir='ltr'><strong>cum</strong></span> <span class='ocrx_word' id='word_1_32' title='bbox 1023 826 1131 883; x_wconf 85' lang='lat' dir='ltr'><strong>essent</strong></span> <span class='ocrx_word' id='word_1_33' title='bbox 1155 817 1285 881; x_wconf 86' lang='lat' dir='ltr'><strong>condita</strong></span> 
     </span>
     <span class='ocr_line' id='line_1_6' title="bbox 186 926 1284 1013; baseline -0.005 -19"><span class='ocrx_word' id='word_1_34' title='bbox 186 929 227 994; x_wconf 86' lang='lat' dir='ltr'><strong>nd</strong></span> <span class='ocrx_word' id='word_1_35' title='bbox 252 950 365 994; x_wconf 90' lang='lat' dir='ltr'><strong>omnes</strong></span> <span class='ocrx_word' id='word_1_36' title='bbox 397 951 449 993; x_wconf 90' lang='lat' dir='ltr'><strong>res</strong></span> <span class='ocrx_word' id='word_1_37' title='bbox 484 928 702 1007; x_wconf 89' lang='lat' dir='ltr'><strong>illustrandas,</strong></span> <span class='ocrx_word' id='word_1_38' title='bbox 733 948 815 1010; x_wconf 86' lang='lat' dir='ltr'><strong>quae</strong></span> <span class='ocrx_word' id='word_1_39' title='bbox 848 949 913 989; x_wconf 89' lang='lat' dir='ltr'><strong>non</strong></span> <span class='ocrx_word' id='word_1_40' title='bbox 945 927 1050 990; x_wconf 92' lang='lat' dir='ltr'><strong>solum</strong></span> <span class='ocrx_word' id='word_1_41' title='bbox 1072 926 1134 1013; x_wconf 91' lang='lat' dir='ltr'><strong>ipsi</strong></span> <span class='ocrx_word' id='word_1_42' title='bbox 1155 927 1284 991; x_wconf 85' lang='lat' dir='ltr'><strong>fabulae</strong></span> 
     </span>
     <span class='ocr_line' id='line_1_7' title="bbox 187 1033 1285 1121; baseline -0.004 -19"><span class='ocrx_word' id='word_1_43' title='bbox 187 1036 433 1121; x_wconf 88' lang='lat' dir='ltr'><strong>intellegendae</strong></span> <span class='ocrx_word' id='word_1_44' title='bbox 466 1035 668 1100; x_wconf 81' lang='lat' dir='ltr'><strong>necessariae</strong></span> <span class='ocrx_word' id='word_1_45' title='bbox 692 1044 812 1118; x_wconf 84' lang='lat' dir='ltr'><strong>essent,</strong></span> <span class='ocrx_word' id='word_1_46' title='bbox 842 1035 899 1099; x_wconf 91' lang='lat' dir='ltr'><strong>sed</strong></span> <span class='ocrx_word' id='word_1_47' title='bbox 929 1035 970 1098; x_wconf 92' lang='lat' dir='ltr'><strong>ad</strong></span> <span class='ocrx_word' id='word_1_48' title='bbox 999 1044 1166 1099; x_wconf 88' lang='lat' dir='ltr'><strong>externum</strong></span> <span class='ocrx_word' id='word_1_49' title='bbox 1187 1033 1285 1099; x_wconf 91' lang='lat' dir='ltr'><strong>etiam</strong></span> 
     </span>
     <span class='ocr_line' id='line_1_8' title="bbox 187 1143 1284 1229; baseline -0.002 -18"><span class='ocrx_word' id='word_1_50' title='bbox 187 1147 370 1213; x_wconf 84' lang='lat' dir='ltr'><strong>dramatum</strong></span> <span class='ocrx_word' id='word_1_51' title='bbox 406 1145 574 1210; x_wconf 84' lang='lat' dir='ltr'><strong>historiam</strong></span> <span class='ocrx_word' id='word_1_52' title='bbox 608 1165 785 1229; x_wconf 89' lang='lat' dir='ltr'><strong>eorumque</strong></span> <span class='ocrx_word' id='word_1_53' title='bbox 808 1144 943 1208; x_wconf 80' lang='lat' dir='ltr'><strong>virtutos</strong></span> <span class='ocrx_word' id='word_1_54' title='bbox 971 1144 1093 1209; x_wconf 87' lang='lat' dir='ltr'><strong>rectius</strong></span> <span class='ocrx_word' id='word_1_55' title='bbox 1115 1143 1284 1209; x_wconf 87' lang='lat' dir='ltr'><strong>aestiman-</strong></span> 
     </span>
     <span class='ocr_line' id='line_1_9' title="bbox 188 1252 1283 1343; baseline -0.003 -24"><span class='ocrx_word' id='word_1_56' title='bbox 188 1255 245 1320; x_wconf 91' lang='lat' dir='ltr'><strong>das</strong></span> <span class='ocrx_word' id='word_1_57' title='bbox 260 1256 474 1343; x_wconf 82' lang='lat' dir='ltr'><strong>pertinerent,</strong></span> <span class='ocrx_word' id='word_1_58' title='bbox 496 1253 545 1316; x_wconf 88' lang='lat' dir='ltr'><strong>isli</strong></span> <span class='ocrx_word' id='word_1_59' title='bbox 571 1252 628 1316; x_wconf 88' lang='lat' dir='ltr'><strong>has</strong></span> <span class='ocrx_word' id='word_1_60' title='bbox 650 1274 700 1316; x_wconf 88' lang='lat' dir='ltr'><strong>rcs</strong></span> <span class='ocrx_word' id='word_1_61' title='bbox 722 1274 835 1340; x_wconf 91' lang='lat' dir='ltr'><strong>parum</strong></span> <span class='ocrx_word' id='word_1_62' title='bbox 854 1252 1006 1318; x_wconf 90' lang='lat' dir='ltr'><strong>videntur</strong></span> <span class='ocrx_word' id='word_1_63' title='bbox 1030 1274 1158 1317; x_wconf 87' lang='lat' dir='ltr'><strong>curasse</strong></span> <span class='ocrx_word' id='word_1_64' title='bbox 1182 1262 1215 1316; x_wconf 88' lang='lat' dir='ltr'><strong>et</strong></span> <span class='ocrx_word' id='word_1_65' title='bbox 1229 1274 1283 1316; x_wconf 89' lang='lat' dir='ltr'><strong>eas</strong></span> 
     </span>
     <span class='ocr_line' id='line_1_10' title="bbox 185 1352 1283 1448; baseline -0.005 -19"><span class='ocrx_word' id='word_1_66' title='bbox 185 1366 271 1430; x_wconf 88' lang='lat' dir='ltr'><strong>solus</strong></span> <span class='ocrx_word' id='word_1_67' title='bbox 289 1387 329 1428; x_wconf 84' lang='lat' dir='ltr'><strong>ex</strong></span> <span class='ocrx_word' id='word_1_68' title='bbox 342 1362 543 1448; x_wconf 85' lang='lat' dir='ltr'><strong>argumentis</strong></span> <span class='ocrx_word' id='word_1_69' title='bbox 556 1352 765 1448; x_wconf 82' lang='lat' dir='ltr'><strong>excripsisse,</strong></span> <span class='ocrx_word' id='word_1_70' title='bbox 777 1383 859 1447; x_wconf 87' lang='lat' dir='ltr'><strong>quae</strong></span> <span class='ocrx_word' id='word_1_71' title='bbox 871 1363 997 1427; x_wconf 83' lang='lat' dir='ltr'><strong>fabulas</strong></span> <span class='ocrx_word' id='word_1_72' title='bbox 1010 1362 1147 1447; x_wconf 90' lang='lat' dir='ltr'><strong>primum</strong></span> <span class='ocrx_word' id='word_1_73' title='bbox 1161 1361 1283 1448; x_wconf 90' lang='lat' dir='ltr'><strong>legenti</strong></span> 
     </span>
     <span class='ocr_line' id='line_1_11' title="bbox 186 1469 1282 1556; baseline -0.004 -20"><span class='ocrx_word' id='word_1_74' title='bbox 186 1473 396 1556; x_wconf 79' lang='lat' dir='ltr'><strong>inservirent,</strong></span> <span class='ocrx_word' id='word_1_75' title='bbox 428 1491 601 1536; x_wconf 84' lang='lat' dir='ltr'><strong>scaenae</strong></span> <span class='ocrx_word' id='word_1_76' title='bbox 632 1469 969 1554; x_wconf 85' lang='lat' dir='ltr'><strong>descriptionem</strong></span> <span class='ocrx_word' id='word_1_77' title='bbox 1000 1471 1072 1535; x_wconf 88' lang='lat' dir='ltr'><strong>dico</strong></span> <span class='ocrx_word' id='word_1_78' title='bbox 1096 1469 1282 1555; x_wconf 87' lang='lat' dir='ltr'><strong>etmytbi</strong></span> 
     </span>
     <span class='ocr_line' id='line_1_12' title="bbox 184 1577 1283 1665; baseline -0.003 -21"><span class='ocrx_word' id='word_1_79' title='bbox 184 1580 506 1645; x_wconf 89' lang='lat' dir='ltr'><strong>enarrationem.</strong></span> <span class='ocrx_word' id='word_1_80' title='bbox 538 1590 570 1643; x_wconf 90' lang='lat' dir='ltr'><strong>at</strong></span> <span class='ocrx_word' id='word_1_81' title='bbox 585 1601 625 1644; x_wconf 89' lang='lat' dir='ltr'><strong>ue</strong></span> <span class='ocrx_word' id='word_1_82' title='bbox 643 1580 725 1644; x_wconf 89' lang='lat' dir='ltr'><strong>haec</strong></span> <span class='ocrx_word' id='word_1_83' title='bbox 741 1580 873 1665; x_wconf 87' lang='lat' dir='ltr'><strong>quidem</strong></span> <span class='ocrx_word' id='word_1_84' title='bbox 889 1580 1008 1645; x_wconf 88' lang='lat' dir='ltr'><strong>intacta</strong></span> <span class='ocrx_word' id='word_1_85' title='bbox 1030 1588 1212 1645; x_wconf 88' lang='lat' dir='ltr'><strong>servarunt.</strong></span> <span class='ocrx_word' id='word_1_86' title='bbox 1243 1577 1283 1642; x_wconf 93' lang='lat' dir='ltr'><strong>de</strong></span> 
     </span>
     <span class='ocr_line' id='line_1_13' title="bbox 188 1687 1282 1770; baseline -0.002 -16"><span class='ocrx_word' id='word_1_87' title='bbox 188 1691 318 1754; x_wconf 89' lang='lat' dir='ltr'><strong>fabulae</strong></span> <span class='ocrx_word' id='word_1_88' title='bbox 339 1690 545 1756; x_wconf 84' lang='lat' dir='ltr'><strong>enarratione</strong></span> <span class='ocrx_word' id='word_1_89' title='bbox 569 1712 620 1753; x_wconf 90' lang='lat' dir='ltr'><strong>res</strong></span> <span class='ocrx_word' id='word_1_90' title='bbox 643 1698 691 1752; x_wconf 86' lang='lat' dir='ltr'><strong>est</strong></span> <span class='ocrx_word' id='word_1_91' title='bbox 715 1687 880 1752; x_wconf 84' lang='lat' dir='ltr'><strong>difficilior</strong></span> <span class='ocrx_word' id='word_1_92' title='bbox 902 1689 1093 1770; x_wconf 88' lang='lat' dir='ltr'><strong>diiudicata,</strong></span> <span class='ocrx_word' id='word_1_93' title='bbox 1117 1711 1189 1753; x_wconf 90' lang='lat' dir='ltr'><strong>eum</strong></span> <span class='ocrx_word' id='word_1_94' title='bbox 1212 1690 1282 1754; x_wconf 90' lang='lat' dir='ltr'><strong>bre·</strong></span> 
     </span>
     <span class='ocr_line' id='line_1_14' title="bbox 185 1795 1282 1883; baseline -0.003 -22"><span class='ocrx_word' id='word_1_95' title='bbox 185 1819 244 1861; x_wconf 77' lang='lat' dir='ltr'><strong>ves</strong></span> <span class='ocrx_word' id='word_1_96' title='bbox 265 1797 330 1862; x_wconf 88' lang='lat' dir='ltr'><strong>sint</strong></span> <span class='ocrx_word' id='word_1_97' title='bbox 355 1807 388 1861; x_wconf 91' lang='lat' dir='ltr'><strong>et</strong></span> <span class='ocrx_word' id='word_1_98' title='bbox 410 1796 615 1861; x_wconf 89' lang='lat' dir='ltr'><strong>membratim</strong></span> <span class='ocrx_word' id='word_1_99' title='bbox 640 1795 790 1860; x_wconf 87' lang='lat' dir='ltr'><strong>concisae</strong></span> <span class='ocrx_word' id='word_1_100' title='bbox 809 1796 996 1882; x_wconf 70' lang='lat' dir='ltr'><strong>pleraeque,</strong></span> <span class='ocrx_word' id='word_1_101' title='bbox 1021 1796 1054 1860; x_wconf 91' lang='lat' dir='ltr'><strong>in</strong></span> <span class='ocrx_word' id='word_1_102' title='bbox 1076 1797 1147 1862; x_wconf 87' lang='lat' dir='ltr'><strong>aliia</strong></span> <span class='ocrx_word' id='word_1_103' title='bbox 1172 1796 1282 1883; x_wconf 90' lang='lat' dir='ltr'><strong>paullo</strong></span> 
     </span>
     <span class='ocr_line' id='line_1_15' title="bbox 184 1906 1281 1992; baseline 0 -22"><span class='ocrx_word' id='word_1_104' title='bbox 184 1907 286 1971; x_wconf 83' lang='lat' dir='ltr'><strong>insius</strong></span> <span class='ocrx_word' id='word_1_105' title='bbox 310 1915 342 1970; x_wconf 91' lang='lat' dir='ltr'><strong>et</strong></span> <span class='ocrx_word' id='word_1_106' title='bbox 365 1906 525 1992; x_wconf 85' lang='lat' dir='ltr'><strong>copiosius</strong></span> <span class='ocrx_word' id='word_1_107' title='bbox 547 1927 600 1970; x_wconf 92' lang='lat' dir='ltr'><strong>res</strong></span> <span class='ocrx_word' id='word_1_108' title='bbox 622 1906 850 1991; x_wconf 85' lang='lat' dir='ltr'><strong>explanantur,</strong></span> <span class='ocrx_word' id='word_1_109' title='bbox 877 1927 975 1991; x_wconf 90' lang='lat' dir='ltr'><strong>quare</strong></span> <span class='ocrx_word' id='word_1_110' title='bbox 999 1907 1132 1971; x_wconf 90' lang='lat' dir='ltr'><strong>dubium</strong></span> <span class='ocrx_word' id='word_1_111' title='bbox 1161 1915 1281 1987; x_wconf 88' lang='lat' dir='ltr'><strong>manet,</strong></span> 
     </span>
     <span class='ocr_line' id='line_1_16' title="bbox 184 2013 1282 2101; baseline 0.001 -20"><span class='ocrx_word' id='word_1_112' title='bbox 184 2025 340 2101; x_wconf 86' lang='lat' dir='ltr'><strong>quantum</strong></span> <span class='ocrx_word' id='word_1_113' title='bbox 374 2015 407 2079; x_wconf 89' lang='lat' dir='ltr'><strong>iu</strong></span> <span class='ocrx_word' id='word_1_114' title='bbox 440 2013 678 2100; x_wconf 85' lang='lat' dir='ltr'><strong>amplificandis</strong></span> <span class='ocrx_word' id='word_1_115' title='bbox 713 2013 987 2078; x_wconf 84' lang='lat' dir='ltr'><strong>contrahendisve</strong></span> <span class='ocrx_word' id='word_1_116' title='bbox 1025 2016 1282 2082; x_wconf 84' lang='lat' dir='ltr'><strong>enarrationibus</strong></span> 
     </span>
     <span class='ocr_line' id='line_1_17' title="bbox 183 2121 1281 2210; baseline 0 -21"><span class='ocrx_word' id='word_1_117' title='bbox 183 2122 404 2210; x_wconf 84' lang='lat' dir='ltr'><strong>grammaticis</strong></span> <span class='ocrx_word' id='word_1_118' title='bbox 413 2173 422 2205; x_wconf 91' lang='lat'><strong>,</strong></span> <span class='ocrx_word' id='word_1_119' title='bbox 453 2132 606 2206; x_wconf 90' lang='lat' dir='ltr'><strong>quantum</strong></span> <span class='ocrx_word' id='word_1_120' title='bbox 643 2122 857 2208; x_wconf 87' lang='lat' dir='ltr'><strong>Aristophani</strong></span> <span class='ocrx_word' id='word_1_121' title='bbox 900 2121 940 2185; x_wconf 87' lang='lat' dir='ltr'><strong>sit</strong></span> <span class='ocrx_word' id='word_1_122' title='bbox 974 2122 1193 2189; x_wconf 89' lang='lat' dir='ltr'><strong>tribuendum.</strong></span> <span class='ocrx_word' id='word_1_123' title='bbox 1248 2125 1281 2189; x_wconf 89' lang='lat' dir='ltr'><strong>in</strong></span> 
     </span>
     <span class='ocr_line' id='line_1_18' title="bbox 184 2230 1282 2320; baseline 0 -22"><span class='ocrx_word' id='word_1_124' title='bbox 184 2254 322 2298; x_wconf 87' lang='lat' dir='ltr'><strong>scaenae</strong></span> <span class='ocrx_word' id='word_1_125' title='bbox 345 2242 452 2296; x_wconf 89' lang='lat' dir='ltr'><strong>autem</strong></span> <span class='ocrx_word' id='word_1_126' title='bbox 473 2253 752 2320; x_wconf 84' lang='lat' dir='ltr'><strong>personarumque</strong></span> <span class='ocrx_word' id='word_1_127' title='bbox 785 2230 1004 2296; x_wconf 91' lang='lat' dir='ltr'><strong>notationibus</strong></span> <span class='ocrx_word' id='word_1_128' title='bbox 1028 2244 1202 2319; x_wconf 90' lang='lat' dir='ltr'><strong>supersunt</strong></span> <span class='ocrx_word' id='word_1_129' title='bbox 1224 2256 1282 2298; x_wconf 86' lang='lat' dir='ltr'><strong>ve-</strong></span> 
     </span>
     <span class='ocr_line' id='line_1_19' title="bbox 183 2340 1281 2430; baseline 0.002 -23"><span class='ocrx_word' id='word_1_130' title='bbox 183 2343 291 2428; x_wconf 89' lang='lat' dir='ltr'><strong>stigia,</strong></span> <span class='ocrx_word' id='word_1_131' title='bbox 316 2364 397 2429; x_wconf 88' lang='lat' dir='ltr'><strong>quae</strong></span> <span class='ocrx_word' id='word_1_132' title='bbox 430 2351 524 2405; x_wconf 87' lang='lat' dir='ltr'><strong>extra</strong></span> <span class='ocrx_word' id='word_1_133' title='bbox 546 2362 676 2404; x_wconf 88' lang='lat' dir='ltr'><strong>ornnem</strong></span> <span class='ocrx_word' id='word_1_134' title='bbox 705 2352 825 2427; x_wconf 90' lang='lat' dir='ltr'><strong>ponant</strong></span> <span class='ocrx_word' id='word_1_135' title='bbox 849 2340 1093 2423; x_wconf 89' lang='lat' dir='ltr'><strong>dubitationem,</strong></span> <span class='ocrx_word' id='word_1_136' title='bbox 1124 2345 1201 2430; x_wconf 91' lang='lat' dir='ltr'><strong>quin</strong></span> <span class='ocrx_word' id='word_1_137' title='bbox 1224 2366 1281 2429; x_wconf 88' lang='lat' dir='ltr'><strong>ge·</strong></span> 
     </span>
     <span class='ocr_line' id='line_1_20' title="bbox 183 2450 1282 2539; baseline 0.002 -24"><span class='ocrx_word' id='word_1_138' title='bbox 183 2451 302 2516; x_wconf 86' lang='lat' dir='ltr'><strong>nuiuae</strong></span> <span class='ocrx_word' id='word_1_139' title='bbox 324 2473 389 2515; x_wconf 92' lang='lat' dir='ltr'><strong>uon</strong></span> <span class='ocrx_word' id='word_1_140' title='bbox 412 2460 477 2514; x_wconf 86' lang='lat' dir='ltr'><strong>tam</strong></span> <span class='ocrx_word' id='word_1_141' title='bbox 497 2452 615 2514; x_wconf 87' lang='lat' dir='ltr'><strong>breves</strong></span> <span class='ocrx_word' id='word_1_142' title='bbox 637 2471 744 2534; x_wconf 89' lang='lat' dir='ltr'><strong>neque</strong></span> <span class='ocrx_word' id='word_1_143' title='bbox 763 2451 845 2513; x_wconf 87' lang='lat' dir='ltr'><strong>viles</strong></span> <span class='ocrx_word' id='word_1_144' title='bbox 867 2450 1000 2533; x_wconf 81' lang='lat' dir='ltr'><strong>fuerint,</strong></span> <span class='ocrx_word' id='word_1_145' title='bbox 1032 2474 1126 2535; x_wconf 89' lang='lat' dir='ltr'><strong>quam</strong></span> <span class='ocrx_word' id='word_1_146' title='bbox 1150 2453 1282 2539; x_wconf 90' lang='lat' dir='ltr'><strong>plerae-</strong></span> 
     </span>
     <span class='ocr_line' id='line_1_21' title="bbox 184 2557 1279 2648; baseline 0.003 -23"><span class='ocrx_word' id='word_1_147' title='bbox 184 2583 247 2646; x_wconf 91' lang='lat' dir='ltr'><strong>que</strong></span> <span class='ocrx_word' id='word_1_148' title='bbox 269 2557 366 2624; x_wconf 90' lang='lat' dir='ltr'><strong>hodie</strong></span> <span class='ocrx_word' id='word_1_149' title='bbox 401 2569 523 2623; x_wconf 82' lang='lat' dir='ltr'><strong>extant.</strong></span> <span class='ocrx_word' id='word_1_150' title='bbox 567 2561 675 2624; x_wconf 89' lang='lat' dir='ltr'><strong>locum</strong></span> <span class='ocrx_word' id='word_1_151' title='bbox 706 2559 849 2643; x_wconf 91' lang='lat' dir='ltr'><strong>quidem,</strong></span> <span class='ocrx_word' id='word_1_152' title='bbox 870 2558 925 2623; x_wconf 92' lang='lat' dir='ltr'><strong>ubi</strong></span> <span class='ocrx_word' id='word_1_153' title='bbox 945 2559 1055 2625; x_wconf 85' lang='lat' dir='ltr'><strong>fabula</strong></span> <span class='ocrx_word' id='word_1_154' title='bbox 1076 2563 1196 2648; x_wconf 90' lang='lat' dir='ltr'><strong>agitur,</strong></span> <span class='ocrx_word' id='word_1_155' title='bbox 1217 2563 1279 2629; x_wconf 90' lang='lat' dir='ltr'><strong>nisi</strong></span> 
     </span>
     <span class='ocr_line' id='line_1_22' title="bbox 182 2669 1279 2759; baseline 0.003 -25"><span class='ocrx_word' id='word_1_156' title='bbox 182 2671 293 2759; x_wconf 89' lang='lat' dir='ltr'><strong>paucis</strong></span> <span class='ocrx_word' id='word_1_157' title='bbox 316 2671 426 2735; x_wconf 83' lang='lat' dir='ltr'><strong>verbis</strong></span> <span class='ocrx_word' id='word_1_158' title='bbox 449 2679 480 2732; x_wconf 88' lang='lat' dir='ltr'><strong>et</strong></span> <span class='ocrx_word' id='word_1_159' title='bbox 504 2669 583 2733; x_wconf 92' lang='lat' dir='ltr'><strong>mira</strong></span> <span class='ocrx_word' id='word_1_160' title='bbox 601 2669 739 2754; x_wconf 88' lang='lat' dir='ltr'><strong>quadam</strong></span> <span class='ocrx_word' id='word_1_161' title='bbox 761 2669 917 2750; x_wconf 91' lang='lat' dir='ltr'><strong>omnium,</strong></span> <span class='ocrx_word' id='word_1_162' title='bbox 943 2692 1025 2754; x_wconf 89' lang='lat' dir='ltr'><strong>quae</strong></span> <span class='ocrx_word' id='word_1_163' title='bbox 1044 2671 1095 2734; x_wconf 90' lang='lat' dir='ltr'><strong>vel</strong></span> <span class='ocrx_word' id='word_1_164' title='bbox 1117 2672 1279 2737; x_wconf 90' lang='lat' dir='ltr'><strong>tantillum</strong></span> 
     </span>
     <span class='ocr_line' id='line_1_23' title="bbox 182 2779 1280 2867; baseline 0 -22"><span class='ocrx_word' id='word_1_165' title='bbox 182 2782 222 2845; x_wconf 91' lang='lat' dir='ltr'><strong>ab</strong></span> <span class='ocrx_word' id='word_1_166' title='bbox 246 2781 316 2867; x_wconf 91' lang='lat' dir='ltr'><strong>ipso</strong></span> <span class='ocrx_word' id='word_1_167' title='bbox 340 2779 484 2843; x_wconf 89' lang='lat' dir='ltr'><strong>dramate</strong></span> <span class='ocrx_word' id='word_1_168' title='bbox 515 2779 740 2860; x_wconf 90' lang='lat' dir='ltr'><strong>abhorrerent,</strong></span> <span class='ocrx_word' id='word_1_169' title='bbox 764 2801 872 2843; x_wconf 90' lang='lat' dir='ltr'><strong>rerum</strong></span> <span class='ocrx_word' id='word_1_170' title='bbox 903 2779 1116 2864; x_wconf 85' lang='lat' dir='ltr'><strong>neglegentia</strong></span> <span class='ocrx_word' id='word_1_171' title='bbox 1146 2804 1212 2846; x_wconf 92' lang='lat' dir='ltr'><strong>non</strong></span> <span class='ocrx_word' id='word_1_172' title='bbox 1234 2781 1280 2845; x_wconf 86' lang='lat' dir='ltr'><strong>vi-</strong></span> 
     </span>
     <span class='ocr_line' id='line_1_24' title="bbox 183 2887 1279 2976; baseline 0.001 -22"><span class='ocrx_word' id='word_1_173' title='bbox 183 2890 278 2954; x_wconf 90' lang='lat' dir='ltr'><strong>detur</strong></span> <span class='ocrx_word' id='word_1_174' title='bbox 300 2899 446 2954; x_wconf 85' lang='lat' dir='ltr'><strong>enotasse</strong></span> <span class='ocrx_word' id='word_1_175' title='bbox 461 2888 709 2976; x_wconf 81' lang='lat' dir='ltr'><strong>Aristophanes.</strong></span> <span class='ocrx_word' id='word_1_176' title='bbox 753 2911 829 2954; x_wconf 88' lang='lat' dir='ltr'><strong>nam</strong></span> <span class='ocrx_word' id='word_1_177' title='bbox 851 2888 884 2950; x_wconf 93' lang='lat' dir='ltr'><strong>in</strong></span> <span class='ocrx_word' id='word_1_178' title='bbox 907 2887 1055 2976; x_wconf 89' lang='lat' dir='ltr'><strong>plurimis</strong></span> <span class='ocrx_word' id='word_1_179' title='bbox 1076 2891 1279 2973; x_wconf 88' lang='lat' dir='ltr'><strong>argumentis</strong></span> 
     </span>
     <span class='ocr_line' id='line_1_25' title="bbox 180 2992 1278 3086; baseline -0.002 -23"><span class='ocrx_word' id='word_1_180' title='bbox 180 2998 264 3064; x_wconf 90' lang='lat' dir='ltr'><strong>nihil</strong></span> <span class='ocrx_word' id='word_1_181' title='bbox 286 2998 374 3062; x_wconf 91' lang='lat' dir='ltr'><strong>aliud</strong></span> <span class='ocrx_word' id='word_1_182' title='bbox 397 3007 446 3063; x_wconf 90' lang='lat' dir='ltr'><strong>est</strong></span> <span class='ocrx_word' id='word_1_183' title='bbox 469 2997 531 3061; x_wconf 90' lang='lat' dir='ltr'><strong>nisi</strong></span> <span class='ocrx_word' id='word_1_184' title='bbox 553 2992 725 3062; x_wconf 75' lang='grc' dir='ltr'><strong><em>ὑπόκειται</em></strong></span> <span class='ocrx_word' id='word_1_185' title='bbox 749 2993 765 3061; x_wconf 84' lang='lat' dir='ltr'><strong>r‘</strong></span> <span class='ocrx_word' id='word_1_186' title='bbox 788 2993 885 3085; x_wconf 69' lang='lat' dir='ltr'><strong>dapar}</strong></span> <span class='ocrx_word' id='word_1_187' title='bbox 911 2997 944 3062; x_wconf 79' lang='grc' dir='ltr'><strong>ἐν</strong></span> <span class='ocrx_word' id='word_1_188' title='bbox 968 2999 1113 3086; x_wconf 73' lang='grc' dir='ltr'><em>Δελφοῖς</em></span> <span class='ocrx_word' id='word_1_189' title='bbox 1133 2998 1278 3082; x_wconf 82' lang='lat' dir='ltr'>(XXIV)</span> 
     </span>
     <span class='ocr_line' id='line_1_26' title="bbox 182 3098 1278 3192; baseline -0.001 -21"><span class='ocrx_word' id='word_1_190' title='bbox 182 3106 216 3172; x_wconf 78' lang='grc' dir='ltr'><strong>ἐν</strong></span> <span class='ocrx_word' id='word_1_191' title='bbox 230 3098 344 3192; x_wconf 74' lang='grc' dir='ltr'><em>’Ἀργει</em></span> <span class='ocrx_word' id='word_1_192' title='bbox 366 3106 496 3192; x_wconf 81' lang='lat' dir='ltr'>(XVII)</span> <span class='ocrx_word' id='word_1_193' title='bbox 519 3105 552 3170; x_wconf 77' lang='grc' dir='ltr'><strong>ἐν</strong></span> <span class='ocrx_word' id='word_1_194' title='bbox 575 3101 698 3192; x_wconf 77' lang='grc' dir='ltr'><strong><em>Θήβαις</em></strong></span> <span class='ocrx_word' id='word_1_195' title='bbox 723 3105 828 3186; x_wconf 82' lang='lat' dir='ltr'><strong>(XII),</strong></span> <span class='ocrx_word' id='word_1_196' title='bbox 860 3130 934 3171; x_wconf 89' lang='lat' dir='ltr'><strong>raro</strong></span> <span class='ocrx_word' id='word_1_197' title='bbox 962 3107 1141 3173; x_wconf 87' lang='lat' dir='ltr'><strong>accuratius</strong></span> <span class='ocrx_word' id='word_1_198' title='bbox 1164 3108 1278 3172; x_wconf 87' lang='lat' dir='ltr'><strong>defini·</strong></span> 
     </span>
     <span class='ocr_line' id='line_1_27' title="bbox 90 3212 1279 3303; baseline 0.002 -22"><span class='ocrx_word' id='word_1_199' title='bbox 90 3230 92 3233; x_wconf 80' lang='grc'>’</span> <span class='ocrx_word' id='word_1_200' title='bbox 181 3226 234 3281; x_wconf 94' lang='lat' dir='ltr'><strong>tur</strong></span> <span class='ocrx_word' id='word_1_201' title='bbox 255 3220 351 3299; x_wconf 92' lang='lat' dir='ltr'><strong>urbs,</strong></span> <span class='ocrx_word' id='word_1_202' title='bbox 387 3231 420 3281; x_wconf 88' lang='lat' dir='ltr'><strong>ut</strong></span> <span class='ocrx_word' id='word_1_203' title='bbox 448 3219 588 3303; x_wconf 89' lang='lat' dir='ltr'><strong>legimus</strong></span> <span class='ocrx_word' id='word_1_204' title='bbox 625 3216 659 3282; x_wconf 77' lang='grc' dir='ltr'><strong>ἐν</strong></span> <span class='ocrx_word' id='word_1_205' title='bbox 689 3212 811 3303; x_wconf 74' lang='grc' dir='ltr'><strong><em>Θήβαις</em></strong></span> <span class='ocrx_word' id='word_1_206' title='bbox 843 3221 915 3294; x_wconf 84' lang='grc' dir='ltr'><strong><em>ταῖς</em></strong></span> <span class='ocrx_word' id='word_1_207' title='bbox 945 3222 1143 3296; x_wconf 83' lang='grc' dir='ltr'><strong><em>Βοιωτικαῖς</em></strong></span> <span class='ocrx_word' id='word_1_208' title='bbox 1164 3216 1223 3301; x_wconf 88' lang='lat' dir='ltr'>(II)</span> <span class='ocrx_word' id='word_1_209' title='bbox 1247 3230 1279 3283; x_wconf 89' lang='lat' dir='ltr'><strong>et</strong></span> 
     </span>
     <span class='ocr_line' id='line_1_28' title="bbox 180 3322 1280 3413; baseline 0.005 -25"><span class='ocrx_word' id='word_1_210' title='bbox 180 3323 214 3388; x_wconf 73' lang='grc' dir='ltr'><strong>ἐν</strong></span> <span class='ocrx_word' id='word_1_211' title='bbox 238 3330 359 3409; x_wconf 75' lang='grc' dir='ltr'><strong><em>Φεραῖς</em></strong></span> <span class='ocrx_word' id='word_1_212' title='bbox 378 3329 437 3413; x_wconf 75' lang='grc' dir='ltr'><strong>μιᾷ</strong></span> <span class='ocrx_word' id='word_1_213' title='bbox 457 3322 553 3392; x_wconf 75' lang='grc' dir='ltr'><em>πόλει</em></span> <span class='ocrx_word' id='word_1_214' title='bbox 575 3331 632 3413; x_wconf 75' lang='grc' dir='ltr'><strong>τῆς</strong></span> <span class='ocrx_word' id='word_1_215' title='bbox 648 3325 824 3404; x_wconf 76' lang='grc' dir='ltr'><strong><em>Θετταλίας</em></strong></span> <span class='ocrx_word' id='word_1_216' title='bbox 846 3325 936 3407; x_wconf 66' lang='lat' dir='ltr'><strong>(Ixt,</strong></span> <span class='ocrx_word' id='word_1_217' title='bbox 962 3337 994 3391; x_wconf 90' lang='lat' dir='ltr'><strong>et</strong></span> <span class='ocrx_word' id='word_1_218' title='bbox 1014 3327 1068 3391; x_wconf 83' lang='lat' dir='ltr'><strong>vcl</strong></span> <span class='ocrx_word' id='word_1_219' title='bbox 1087 3327 1118 3393; x_wconf 89' lang='lat' dir='ltr'><strong>in</strong></span> <span class='ocrx_word' id='word_1_220' title='bbox 1142 3328 1181 3392; x_wconf 89' lang='lat' dir='ltr'><strong>iis</strong></span> <span class='ocrx_word' id='word_1_221' title='bbox 1207 3327 1280 3393; x_wconf 91' lang='lat' dir='ltr'><strong>dra-</strong></span> 
     </span>
     <span class='ocr_line' id='line_1_29' title="bbox 181 3434 1278 3523; baseline 0.005 -26"><span class='ocrx_word' id='word_1_222' title='bbox 181 3434 287 3518; x_wconf 87' lang='lat' dir='ltr'><strong>matis,</strong></span> <span class='ocrx_word' id='word_1_223' title='bbox 307 3437 361 3499; x_wconf 93' lang='lat' dir='ltr'><strong>ubi</strong></span> <span class='ocrx_word' id='word_1_224' title='bbox 386 3435 553 3500; x_wconf 85' lang='lat' dir='ltr'><strong>difficilius</strong></span> <span class='ocrx_word' id='word_1_225' title='bbox 578 3447 627 3502; x_wconf 89' lang='lat' dir='ltr'><strong>cst</strong></span> <span class='ocrx_word' id='word_1_226' title='bbox 650 3437 794 3501; x_wconf 89' lang='lat' dir='ltr'><strong>breviter</strong></span> <span class='ocrx_word' id='word_1_227' title='bbox 816 3436 1021 3519; x_wconf 85' lang='lat' dir='ltr'><strong>adumbrata,</strong></span> <span class='ocrx_word' id='word_1_228' title='bbox 1052 3437 1104 3523; x_wconf 92' lang='lat' dir='ltr'><strong>qui</strong></span> <span class='ocrx_word' id='word_1_229' title='bbox 1128 3439 1219 3503; x_wconf 88' lang='lat' dir='ltr'><strong>locus</strong></span> <span class='ocrx_word' id='word_1_230' title='bbox 1243 3439 1278 3502; x_wconf 92' lang='lat' dir='ltr'><strong>in</strong></span> 
     </span>
     <span class='ocr_line' id='line_1_30' title="bbox 178 3545 1278 3634; baseline 0.006 -29"><span class='ocrx_word' id='word_1_231' title='bbox 178 3565 297 3607; x_wconf 88' lang='lat' dir='ltr'><strong>scaena</strong></span> <span class='ocrx_word' id='word_1_232' title='bbox 318 3555 593 3630; x_wconf 82' lang='lat' dir='ltr'><strong>repraesentetur,</strong></span> <span class='ocrx_word' id='word_1_233' title='bbox 620 3545 811 3630; x_wconf 86' lang='lat' dir='ltr'><strong>gravissima</strong></span> <span class='ocrx_word' id='word_1_234' title='bbox 840 3569 988 3630; x_wconf 84' lang='lat' dir='ltr'><strong>quaeque</strong></span> <span class='ocrx_word' id='word_1_235' title='bbox 1018 3569 1077 3610; x_wconf 85' lang='lat' dir='ltr'><strong>sex</strong></span> <span class='ocrx_word' id='word_1_236' title='bbox 1110 3559 1278 3634; x_wconf 85' lang='lat' dir='ltr'><strong>septemve</strong></span> 
     </span>
     <span class='ocr_line' id='line_1_31' title="bbox 180 3651 1277 3740; baseline 0.012 -31"><span class='ocrx_word' id='word_1_237' title='bbox 180 3651 289 3714; x_wconf 89' lang='lat' dir='ltr'><strong>verbis</strong></span> <span class='ocrx_word' id='word_1_238' title='bbox 313 3653 591 3738; x_wconf 87' lang='lat' dir='ltr'><strong>perstringuntur,</strong></span> <span class='ocrx_word' id='word_1_239' title='bbox 615 3654 718 3718; x_wconf 86' lang='lat' dir='ltr'><strong>veluti</strong></span> <span class='ocrx_word' id='word_1_240' title='bbox 744 3653 777 3716; x_wconf 91' lang='lat' dir='ltr'><strong>in</strong></span> <span class='ocrx_word' id='word_1_241' title='bbox 794 3664 987 3737; x_wconf 88' lang='lat' dir='ltr'><strong>argumento</strong></span> <span class='ocrx_word' id='word_1_242' title='bbox 1001 3654 1157 3720; x_wconf 86' lang='lat' dir='ltr'><strong>Hecubae</strong></span> <span class='ocrx_word' id='word_1_243' title='bbox 1183 3656 1277 3740; x_wconf 80' lang='lat' dir='ltr'>(XX)</span> 
     </span>
    </p>
   </div>
   <div class='ocr_carea' id='block_1_3' title="bbox 174 3756 1279 4390">
    <p class='ocr_par' dir='ltr' id='par_1_3' title="bbox 174 3756 1279 4390">
     <span class='ocr_line' id='line_1_32' title="bbox 179 3756 1279 3854; baseline 0.009 -31"><span class='ocrx_word' id='word_1_244' title='bbox 179 3756 196 3846; x_wconf 73' lang='grc' dir='ltr'>ἡ</span> <span class='ocrx_word' id='word_1_245' title='bbox 221 3756 319 3845; x_wconf 74' lang='grc' dir='ltr'><strong><em>σκηνὴ</em></strong></span> <span class='ocrx_word' id='word_1_246' title='bbox 334 3763 393 3825; x_wconf 83' lang='grc' dir='ltr'><strong>τοῦ</strong></span> <span class='ocrx_word' id='word_1_247' title='bbox 410 3756 573 3844; x_wconf 79' lang='grc' dir='ltr'><strong><em>δράματος</em></strong></span> <span class='ocrx_word' id='word_1_248' title='bbox 595 3759 766 3830; x_wconf 75' lang='grc' dir='ltr'><strong><em>ὑπόκειται</em></strong></span> <span class='ocrx_word' id='word_1_249' title='bbox 785 3764 818 3830; x_wconf 79' lang='grc' dir='ltr'><strong>ἐν</strong></span> <span class='ocrx_word' id='word_1_250' title='bbox 837 3768 876 3854; x_wconf 77' lang='grc' dir='ltr'><strong>τῇ</strong></span> <span class='ocrx_word' id='word_1_251' title='bbox 900 3757 1075 3850; x_wconf 69' lang='grc' dir='ltr'><strong><em>α’ντατέραν</em></strong></span> <span class='ocrx_word' id='word_1_252' title='bbox 1087 3770 1144 3854; x_wconf 77' lang='grc' dir='ltr'><strong>τῆς</strong></span> <span class='ocrx_word' id='word_1_253' title='bbox 1159 3767 1279 3851; x_wconf 83' lang='grc' dir='ltr'><em>Τροίας</em></span> 
     </span>
     <span class='ocr_line' id='line_1_33' title="bbox 176 3862 1274 3959; baseline 0.01 -29"><span class='ocrx_word' id='word_1_254' title='bbox 176 3862 389 3954; x_wconf 74' lang='grc' dir='ltr'><em>Χερρονήσῳ.</em></span> <span class='ocrx_word' id='word_1_255' title='bbox 434 3892 534 3933; x_wconf 91' lang='lat' dir='ltr'><strong>unum</strong></span> <span class='ocrx_word' id='word_1_256' title='bbox 561 3880 685 3934; x_wconf 85' lang='lat' dir='ltr'><strong>tantum</strong></span> <span class='ocrx_word' id='word_1_257' title='bbox 703 3873 902 3959; x_wconf 86' lang='lat' dir='ltr'><strong>exemplum,</strong></span> <span class='ocrx_word' id='word_1_258' title='bbox 925 3875 979 3938; x_wconf 91' lang='lat' dir='ltr'><strong>ubi</strong></span> <span class='ocrx_word' id='word_1_259' title='bbox 997 3897 1064 3938; x_wconf 92' lang='lat' dir='ltr'><strong>non</strong></span> <span class='ocrx_word' id='word_1_260' title='bbox 1085 3874 1181 3941; x_wconf 92' lang='lat' dir='ltr'><strong>modo</strong></span> <span class='ocrx_word' id='word_1_261' title='bbox 1196 3879 1274 3941; x_wconf 88' lang='lat' dir='ltr'><strong>urbs</strong></span> 
     </span>
     <span class='ocr_line' id='line_1_34' title="bbox 178 3975 1275 4072; baseline 0.01 -33"><span class='ocrx_word' id='word_1_262' title='bbox 178 3975 236 4040; x_wconf 92' lang='lat' dir='ltr'><strong>sed</strong></span> <span class='ocrx_word' id='word_1_263' title='bbox 260 4000 364 4063; x_wconf 89' lang='lat' dir='ltr'><strong>pagus</strong></span> <span class='ocrx_word' id='word_1_264' title='bbox 388 3977 483 4042; x_wconf 90' lang='lat' dir='ltr'><strong>etiam</strong></span> <span class='ocrx_word' id='word_1_265' title='bbox 507 3980 743 4067; x_wconf 85' lang='lat' dir='ltr'><strong>templumque,</strong></span> <span class='ocrx_word' id='word_1_266' title='bbox 766 3982 852 4064; x_wconf 86' lang='lat' dir='ltr'><strong>quod</strong></span> <span class='ocrx_word' id='word_1_267' title='bbox 871 3982 902 4045; x_wconf 91' lang='lat' dir='ltr'><strong>iu</strong></span> <span class='ocrx_word' id='word_1_268' title='bbox 926 4006 1044 4047; x_wconf 88' lang='lat' dir='ltr'><strong>scaena</strong></span> <span class='ocrx_word' id='word_1_269' title='bbox 1066 3985 1275 4072; x_wconf 84' lang='lat' dir='ltr'><strong>conspicitur,</strong></span> 
     </span>
     <span class='ocr_line' id='line_1_35' title="bbox 178 4084 1275 4180; baseline 0.009 -33"><span class='ocrx_word' id='word_1_270' title='bbox 178 4084 379 4169; x_wconf 87' lang='lat' dir='ltr'><strong>descriptum</strong></span> <span class='ocrx_word' id='word_1_271' title='bbox 415 4095 464 4150; x_wconf 90' lang='lat' dir='ltr'><strong>est</strong></span> <span class='ocrx_word' id='word_1_272' title='bbox 498 4086 661 4152; x_wconf 89' lang='lat' dir='ltr'><strong>invenitur</strong></span> <span class='ocrx_word' id='word_1_273' title='bbox 699 4088 733 4151; x_wconf 92' lang='lat' dir='ltr'><strong>in</strong></span> <span class='ocrx_word' id='word_1_274' title='bbox 762 4103 956 4175; x_wconf 85' lang='lat' dir='ltr'><strong>argumento</strong></span> <span class='ocrx_word' id='word_1_275' title='bbox 986 4092 1107 4180; x_wconf 90' lang='lat' dir='ltr'><strong>Oedipi</strong></span> <span class='ocrx_word' id='word_1_276' title='bbox 1137 4093 1275 4160; x_wconf 79' lang='lat' dir='ltr'><strong>Colonei</strong></span> 
     </span>
     <span class='ocr_line' id='line_1_36' title="bbox 179 4189 1275 4290; baseline 0.01 -35"><span class='ocrx_word' id='word_1_277' title='bbox 179 4193 276 4277; x_wconf 82' lang='lat' dir='ltr'><strong>(Vll)</strong></span> <span class='ocrx_word' id='word_1_278' title='bbox 300 4189 320 4278; x_wconf 83' lang='grc' dir='ltr'><em>ἡ</em></span> <span class='ocrx_word' id='word_1_279' title='bbox 344 4191 443 4280; x_wconf 73' lang='grc' dir='ltr'><strong><em>σκηνὴ</em></strong></span> <span class='ocrx_word' id='word_1_280' title='bbox 464 4199 528 4260; x_wconf 86' lang='grc' dir='ltr'><strong>τοῦ</strong></span> <span class='ocrx_word' id='word_1_281' title='bbox 543 4192 707 4279; x_wconf 79' lang='grc' dir='ltr'><strong>δράματος</strong></span> <span class='ocrx_word' id='word_1_282' title='bbox 723 4193 894 4264; x_wconf 74' lang='grc' dir='ltr'><strong><em>ὑπόκειται</em></strong></span> <span class='ocrx_word' id='word_1_283' title='bbox 915 4199 948 4264; x_wconf 79' lang='grc' dir='ltr'><strong>ἐν</strong></span> <span class='ocrx_word' id='word_1_284' title='bbox 964 4204 1004 4289; x_wconf 77' lang='grc' dir='ltr'><strong>τῇ</strong></span> <span class='ocrx_word' id='word_1_285' title='bbox 1020 4193 1151 4290; x_wconf 77' lang='grc' dir='ltr'><strong><em>Ἀττικῇ</em></strong></span> <span class='ocrx_word' id='word_1_286' title='bbox 1172 4201 1206 4266; x_wconf 77' lang='grc' dir='ltr'><strong>ἓν</strong></span> <span class='ocrx_word' id='word_1_287' title='bbox 1228 4206 1275 4287; x_wconf 78' lang='grc' dir='ltr'><strong>τῷ</strong></span> 
     </span>
     <span class='ocr_line' id='line_1_37' title="bbox 174 4295 1274 4390; baseline 0.009 -26"><span class='ocrx_word' id='word_1_288' title='bbox 174 4295 293 4387; x_wconf 76' lang='grc' dir='ltr'><em>Ἱππίῳ</em></span> <span class='ocrx_word' id='word_1_289' title='bbox 318 4302 464 4390; x_wconf 74' lang='grc' dir='ltr'><em>Κολωνῷ</em></span> <span class='ocrx_word' id='word_1_290' title='bbox 485 4299 571 4388; x_wconf 75' lang='grc' dir='ltr'><strong>πρὸς</strong></span> <span class='ocrx_word' id='word_1_291' title='bbox 590 4307 637 4390; x_wconf 74' lang='grc' dir='ltr'><strong>τῷ</strong></span> <span class='ocrx_word' id='word_1_292' title='bbox 659 4308 725 4390; x_wconf 80' lang='grc' dir='ltr'><strong>ναῷ</strong></span> <span class='ocrx_word' id='word_1_293' title='bbox 746 4309 812 4369; x_wconf 80' lang='grc' dir='ltr'><strong>τῶν</strong></span> <span class='ocrx_word' id='word_1_294' title='bbox 836 4311 972 4390; x_wconf 68' lang='grc' dir='ltr'><strong>σεμνοῦν.</strong></span> <span class='ocrx_word' id='word_1_295' title='bbox 1027 4309 1081 4372; x_wconf 86' lang='lat' dir='ltr'><strong>vix</strong></span> <span class='ocrx_word' id='word_1_296' title='bbox 1109 4319 1157 4373; x_wconf 91' lang='lat' dir='ltr'><strong>est</strong></span> <span class='ocrx_word' id='word_1_297' title='bbox 1179 4309 1274 4374; x_wconf 89' lang='lat' dir='ltr'><strong>dubi-</strong></span> 
     </span>
    </p>
   </div>
   <div class='ocr_carea' id='block_1_4' title="bbox 0 0 1504 5176">
    <p class='ocr_par' dir='ltr' id='par_1_4' title="bbox 0 0 1504 5176">
     <span class='ocr_line' id='line_1_38' title="bbox 0 0 1504 5176; baseline 0 3"><span class='ocrx_word' id='word_1_298' title='bbox 0 0 1504 5176; x_wconf 95' lang='lat' dir='ltr'><strong> </strong></span> 
     </span>
    </p>
   </div>
  </div>
 </body>
</html>
