3000 5176
723 321 765 384 22

193 504 269 574 ride*
291 503 388 591 χορὸς
414 507 605 593 συνέστηκεν
635 505 671 572 ἐκ
705 509 862 590 γυναικῶν
891 499 1045 590 Ἀργείων
1078 503 1291 593 parastaticas

191 615 375 701 Ἠλέκτρας,
399 613 437 682 αἳ
455 616 509 682 καὶ
531 615 761 701 παραγίνονται
784 611 868 698 ὑπὲρ
882 618 942 701 τῆς
954 620 1015 681 τοῦ
1038 608 1186 699 Ὀρέστου
1211 641 1288 681 πυν-

192 720 372 808 θανόμεναι
399 727 585 813 συμφορᾶς,
618 735 650 788 et
684 747 754 809 arg.
779 724 959 789 Alcestidis
982 724 1083 807 (IX):
1115 723 1287 810 συνέστηκε

191 833 227 899 δὲ
248 833 266 900 ὁ
287 829 386 921 χορὸς
410 832 447 901 tt
467 859 566 900 τινων
599 837 794 917 πρεσβυτῶν
818 832 986 911 ἐντοπίων,
1016 828 1052 898 οἳ
1077 832 1130 898 καὶ
1152 831 1287 917 παραγί-

191 968 300 1009 νονται
321 937 601 1028 συμπαθήσαντες
619 945 692 1020 ταῖς
713 934 924 1027 ’Aianteion
945 945 1139 1030 συμφοραῖς.
1184 951 1289 1008 certas

194 1053 350 1118 formulas
373 1050 522 1116 videmus
538 1051 592 1114 vel
610 1050 643 1114 in
668 1050 879 1136 amplioribus
903 1050 1159 1137 expositionibus
1182 1072 1288 1114 serva-

192 1172 250 1226 tas.
295 1183 394 1247 quare
418 1160 451 1224 in
472 1159 521 1226 his
545 1182 674 1247 quoque
696 1158 736 1223 dc
769 1159 859 1223 chori
885 1159 1033 1246 personis
1056 1159 1287 1223 observationi·

190 1273 252 1336 bus
285 1269 371 1334 idem
393 1289 617 1354 agnoscemus,
653 1267 739 1354 quod
769 1268 802 1330 in
827 1267 912 1331 notis
942 1268 982 1330 de
1007 1267 1136 1331 fabulae
1159 1288 1289 1350 scaena,

189 1379 326 1466 pristina
350 1400 405 1442 eas
429 1378 578 1441 ubertate
598 1397 669 1440 esse
694 1384 819 1440 exutas.

290 1486 342 1550 De
365 1484 532 1549 notatione
563 1504 790 1569 personae,
821 1504 904 1568 quae
926 1484 1139 1569 prologum
1161 1482 1287 1566 recitat,

189 1616 231 1657 ex
262 1593 342 1680 ipsis
364 1591 566 1679 argumentis
591 1591 843 1678 Aristophaneis
867 1591 1000 1657 decerni
1032 1591 1156 1676 nequit,
1177 1601 1287 1655 utrum

190 1701 320 1787 integra
336 1702 377 1767 sit
393 1703 544 1784 formula,
569 1723 665 1785 quam
683 1724 748 1766 uno
769 1709 909 1789 excepto
931 1700 964 1764 in
986 1700 1134 1766 omnibus
1148 1700 1287 1786 legimus
1364 1746 1366 1750 .

188 1810 392 1897 argumentis
414 1808 602 1895 προλογέζει
624 1808 679 1875 δὲ.
695 1859 702 1875 .
718 1858 726 1874 .
743 1860 751 1875 .
772 1860 782 1893 ,
799 1832 840 1874 an
862 1810 943 1874 haec
963 1832 1093 1897 quoque
1108 1810 1287 1874 decurtata.

189 1919 223 1983 in
245 1920 421 1985 Persarum
444 1929 639 2006 argumento
656 1919 768 2003 (XIII)
791 1919 923 2004 longior
945 1903 986 1983 de
1014 1918 1153 1985 diversis
1174 1941 1285 2007 perso·

188 2028 255 2110 nis,
291 2051 372 2113 quae
405 2030 491 2118 apud
520 2028 753 2114 ‘Phrynichum
778 2029 812 2094 in
836 2029 1026 2095 Phoenissis
1058 2039 1091 2092 et
1111 2027 1199 2116 apud
1219 2029 1285 2094 Ae·

187 2137 339 2223 schylum
369 2137 403 2202 in
426 2137 537 2203 Persis
561 2136 692 2224 prologi
724 2160 859 2202 munere
892 2139 1075 2221 funguntur
1109 2135 1285 2223 disputatio

188 2248 303 2311 eadem
345 2246 507 2312 clauditur
551 2248 692 2311 formula
725 2245 868 2312 ἐνταῦθα
901 2245 937 2311 δὲ
970 2244 1156 2331 προλογίζει
1189 2240 1287 2328 χορὸς

185 2359 389 2440 πρεσβυτῶν.
431 2362 698 2443 unnm'supcrest
713 2355 811 2420 hodie
827 2358 1027 2445 exemplum,
1048 2356 1104 2422 uhi
1125 2380 1185 2445 pro
1208 2355 1284 2422 trita

185 2465 242 2530 illa
265 2465 407 2530 formula
430 2465 568 2552 amplior
599 2475 689 2530 extat
722 2465 888 2530 annotatio
913 2466 954 2530 de
976 2466 1108 2554 prologi
1130 2489 1283 2553 persona,

185 2584 218 2638 at
239 2575 273 2638 iu
297 2585 508 2658 argumento,
541 2575 627 2658 quod
651 2575 685 2638 in
708 2597 772 2638 una
795 2584 883 2639 certe
913 2586 1005 2662 parto
1026 2601 1044 2640 a
1068 2574 1282 2661 grammatico

186 2683 356 2768 sequioris,
389 2693 424 2748 ut
443 2684 574 2751 videtur
599 2685 785 2771 Byzantini‚
809 2685 881 2748 aevi
909 2684 1004 2750 nimis
1027 2697 1076 2752 est
1101 2686 1286 2771 dilatatum,

185 2816 281 2877 quam
320 2792 407 2876 quod
444 2793 477 2858 in
518 2793 666 2858 ordinem
701 2794 1016 2887 Aristophanenrum
1051 2797 1283 2884 hypothesium

184 2901 332 2989 recipere
361 2923 542 2989 possemus,
573 2903 687 2968 Aiacis
710 2902 877 2968 nimirum.
929 2905 963 2968 in
986 2905 1175 2971 universum
1200 2907 1282 2972 duae

183 3011 218 3074 in
237 3011 299 3077 hoe
327 3021 523 3096 argumento
550 3011 691 3077 discerni
719 3023 853 3100 possunt
880 3021 990 3099 partes
1020 3023 1053 3077 et
1077 3014 1225 3080 doctrina
1248 3027 1280 3083 et

183 3120 315 3185 dicendi
340 3142 468 3204 genere
493 3121 653 3187 diversae.
696 3121 954 3207 Byzantinorum
980 3122 1148 3187 hominum
1163 3127 1282 3192 verbo-

180 3230 258 3296 sitas
297 3230 474 3317 eonspicua
506 3242 555 3295 est
586 3231 620 3296 in
655 3254 693 3296 ea
716 3243 820 3318 parte,
852 3257 914 3321 qua
948 3235 989 3298 de
1027 3235 1142 3318 mytho
1166 3235 1280 3301 Aiacis

181 3339 289 3422 agitur
311 3339 411 3426 (apua
429 3318 582 3407 urnootf.
605 3365 637 3428 p.
653 3341 737 3423 aas
766 3380 804 3388 -
827 3343 925 3431 pat,
945 3343 997 3428 10)
1021 3345 1146 3429 antiqui
1171 3369 1279 3430 gram-

184 3447 289 3512 matici
313 3448 461 3513 doctrina
482 3449 514 3513 in
535 3450 585 3532 iis,
606 3473 689 3535 quae
709 3453 910 3516 antecedunt
926 3475 1072 3538 quaeque
1094 3465 1278 3540 sequuntur

183 3556 325 3644 (pest
361 3593 398 3604 -
422 3557 525 3642 26‚2;
562 3584 591 3646 p.
609 3560 713 3643 27,st
738 3560 849 3643 -28‚
864 3562 909 3643 4).
961 3561 1001 3626 de
1032 3564 1141 3649 priore
1174 3573 1279 3651 parte,

181 3686 263 3748 quae
287 3664 328 3728 ad
344 3665 591 3751 inscriptionem
608 3668 739 3733 fabulae
757 3668 909 3755 pertinet,
933 3667 1017 3735 infra
1031 3673 1142 3760 paucis
1165 3673 1278 3738 dieen-

180 3773 257 3838 dum
288 3775 362 3857 crit,
395 3773 429 3840 in
462 3775 644 3864 posteriorc
676 3778 933 3864 Aristophanem
972 3802 1209 3864 cognoscemus
1236 3804 1278 3847 ex

180 3895 273 3967 nota,
308 3907 390 3970 quae
419 3886 564 3950 exhibita
596 3882 661 3950 est
684 3886 717 3950 in
751 3885 866 3951 codice
895 3887 1042 3954 Parisino
1074 3889 1225 3956 2712A:
1255 3886 1275 3977 ἡ

177 3990 276 4082 σκηνη
298 3998 358 4060 τοῦ
379 3989 544 4078 δράματος
565 3994 599 4060 έν
619 3998 666 4082 τῷ
688 3990 888 4083 ναυστάθμῳ
909 3993 995 4080 πρὸς
1024 4002 1064 4087 τῇ
1093 4004 1193 4088 σκηνῇ
1213 4003 1274 4066 τοῦ

179 4098 338 4180 Αἴαντος.
382 4103 572 4187 προλογίζει
592 4102 628 4170 δὲ
652 4099 671 4190 ἡ
693 4095 829 4190 Ἀθηνᾶ.
881 4106 961 4170 haee
986 4117 1062 4172 sunt
1085 4108 1278 4195 Aristopha-

185 4234 256 4294 nea,
279 4212 340 4277 nisi
366 4212 452 4300 quod
475 4223 550 4300 post
570 4235 683 4278 vocem
715 4209 881 4298 ὁράματος
901 4214 1066 4281 intercidit
1095 4211 1277 4284 ὑπέκειται.

177 4331 322 4387 ceterum
344 4323 533 4410 exemplum
554 4345 690 4388 scaenae
718 4324 901 4390 accuratius
931 4325 1125 4414 descriptae.
1155 4325 1274 4410 reliqui
